4406 5554
596 617 731 730 Igitur
767 617 909 703 hercle
938 621 1067 704 miror
1100 621 1413 742 llickesium
1450 621 1818 736 Anglosaxonibus
1847 625 2041 708 tribuisse

431 823 622 907 carmen,
671 805 785 914 qvod
817 823 933 888 vates
964 811 1112 888 Dauus
1141 807 1368 916 Appolinis
1403 807 1656 920 hyperborei
1685 813 1782 922 igne
1813 807 2039 892 calefactus

431 977 555 1068 fudit.
614 988 675 1070 At
703 989 868 1076 seduxit
896 994 1034 1073 virum
1063 992 1400 1101 intergerrimum
1428 1009 1599 1072 externa
1626 994 1687 1074 rei
1711 991 1853 1076 facies.
1914 995 2038 1102 Eqvi·

432 1162 529 1245 dem
563 1197 650 1251 non
687 1171 794 1252 bene
829 1176 1023 1254 meminit
1058 1171 1267 1280 linguam,
1308 1201 1392 1280 qva
1427 1192 1524 1256 ante
1552 1171 1841 1258 Wilhelrnum
1871 1180 1908 1258 1.
1946 1194 2037 1254 ute·

431 1344 585 1430 bantur
611 1353 762 1465 Angli,
798 1355 929 1436 fuisse
957 1383 1225 1436 communem
1255 1355 1390 1436 tribus
1417 1359 1712 1465 septentrionis
1741 1353 1926 1466 populis,
1965 1361 2036 1466 qvi

429 1535 569 1614 vocati
596 1565 683 1616 uno
706 1541 876 1619 nomine
894 1542 1043 1642 Daui,
1073 1565 1221 1620 omnes
1248 1565 1321 1618 ore
1350 1537 1498 1618 eodem
1528 1537 1744 1620 dialectice
1773 1535 2035 1620 solummodo

428 1711 649 1799 differente
683 1719 976 1830 loquebantur.
1002 1724 1041 1822 ³)
1117 1719 1261 1825 Hujus
1298 1721 1334 1797 si
1368 1715 1437 1798 vel
1465 1717 1637 1798 aliunde
1665 1723 1892 1802 auctoritas
1919 1718 2065 1800 nulla·

426 1902 515 2003 peti
543 1917 700 2006 posset,
730 1897 864 2007 plena
894 1927 994 1982 sanc
1022 1897 1094 1982 hic
1127 1899 1174 1976 in
1208 1899 1350 2006 aprico
1384 1897 1525 1982 cubat.
1609 1904 1722 2010 Epos
1751 1907 1907 1986 etenim
1936 1903 2033 2008 boc,

429 2075 553 2184 quale
581 2081 626 2160 id
655 2109 769 2162 nunc
797 2045 1021 2186 habemus}
1052 2080 1265 2162 evidenter
1293 2080 1447 2186 docet„
1469 2080 1627 2164 idioma
1656 2079 2035 2190 Angloeaxonicum

429 2285 519 2340 esse
551 2267 954 2370 ravennantem,
991 2263 1104 2372 qvod
1131 2259 1292 2344 lelandi
1328 2279 1443 2344 extra
1471 2263 1571 2344 aolie
1605 2267 1696 2346 viae
1730 2263 1818 2348 fere
1851 2271 2036 2376 jacentes

429 2439 661 2524 hodiedum
691 2425 858 2528 cervant
884 2475 1058 2556 purum,
1095 2465 1137 2526 et
1165 2444 1351 2525 studiose
1379 2441 1539 2529 colunt.
1626 2447 1712 2558 Qvi
1740 2446 1793 2572 de
1820 2449 1902 2530 hac
1929 2455 2038 2534 veri·

429 2640 515 2707 tate
544 2627 815 2731 dubitaverit,
843 2633 1006 2710 utinam
1034 2625 1349 2738 Scyldingidem
1379 2655 1476 2708 cum
1506 2627 1724 2712 Soemundi
1742 2629 1876 2734 Edda‚
1908 2627 2039 2713 Olavi

430 2807 735 2912 Thordarsonii
763 2811 915 2896 scalda
943 2815 1032 2893 cive
1060 2810 1164 2896 Arte
1192 2810 1374 2917 poiitica,
1404 2805 1579 2914 aliisque
1611 2807 1878 2890 Islandorum
1909 2815 2039 2920 scrip-

430 2989 485 3068 tis
514 2997 697 3100 antiquie
726 2973 915 3075 conferre
950 2991 1076 3100 velit3
1123 3010 1166 3072 at
1200 2989 1374 3073 habebit
1410 3015 1550 3104 operm
1585 2993 1770 3105 pretium
1807 2993 2037 3102 invenisse,

430 3169 543 3278 qvod
573 3173 780 3256 vocabula
807 3177 1003 3287 utrinque
1033 3175 1117 3254 sint
1145 3173 1306 3260 eadem.

599 3399 822 3510 Quomodo
850 3418 992 3482 autem
1019 3397 1173 3510 poiima
1200 3413 1391 3478 nostrum
1420 3397 1474 3480 ad
1501 3396 1664 3510 Anglos
1701 3401 1780 3480 iter
1815 3401 2038 3509 invenerit,

433 3576 551 3659 baud
592 3579 716 3662 facile
756 3581 915 3664 dicam:
968 3581 1221 3691 conjecturis
1264 3600 1405 3664 autem
1446 3584 1570 3664 cicui-
1588 3579 1758 3662 libuerit
1793 3603 2043 3695 argumenta

434 3784 738 3878 cuperstruere,
756 3792 843 3852 nou
859 3763 981 3874 longe
999 3795 1025 3846 a
1042 3790 1140 3848 vero
1158 3762 1383 3876 aberrabit,
1408 3768 1445 3848 si
1463 3763 1684 3848 crediderit
1699 3763 2043 3852 AELFREDUM

468 4147 505 4228 ³)
542 4151 601 4218 rid.
625 4150 711 4212 Pauli
727 4121 864 4214 Videliui
885 4153 922 4215 dc
943 4149 1139 4234 appellatione
1160 4153 1281 4236 Liugre
1304 4148 1547 4232 septentrionali·
1560 4149 1680 4212 nond
1699 4149 1818 4232 Tungri,
1842 4151 1904 4216 be.
1925 4145 2046 4228 Lingua

539 4271 658 4330 Danica
679 4275 966 4344 commentationem,
989 4269 1146 4353 Gunnlogi
1167 4269 1354 4351 Ormetungtu
1376 4267 1458 4350 Sagae
1478 4269 1654 4343 subnexam,
1679 4271 1782 4330 llum*
1804 4285 1883 4348 1775
1912 4289 1942 4346 p·
1968 4283 2045 4328 220.

438 4429 443 4442 .
541 4387 634 4447 confr.
665 4387 736 4450 lob.
761 4389 907 4448 Grammii
936 4391 1166 4450 direertetiouem
1196 4386 1234 4450 de
1262 4387 1375 4478 qugtt
1404 4387 1521 4447 Bauio·
1543 4407 1604 4466 'ope
1631 4385 1778 4446 idiomati·
1805 4383 2045 4466 Angloruoulci

539 4505 728 4591 explicanda,
750 4509 827 4570 inter
846 4509 880 4568 in
901 4508 978 4571 Acte
998 4507 1102 4591 aegia
1123 4508 1276 4572 coelentis
1297 4503 1493 4572 scientiarum
1515 4505 1615 4568 Hero.
1650 4502 1749 4568 ·Tom·
1770 4500 1809 4566 v.
1834 4523 1866 4584 p·
1887 4519 1958 4582 υς.
