<?xml version="1.0" encoding="UTF-8"?>
<!DOCTYPE html PUBLIC "-//W3C//DTD XHTML 1.0 Transitional//EN"
    "http://www.w3.org/TR/xhtml1/DTD/xhtml1-transitional.dtd">
<html xmlns="http://www.w3.org/1999/xhtml" xml:lang="en" lang="en">
 <head>
  <title>
</title>
<meta http-equiv="Content-Type" content="text/html;charset=utf-8" />
  <meta name='ocr-system' content='tesseract 3.04.00' />
  <meta name='ocr-capabilities' content='ocr_page ocr_carea ocr_par ocr_line ocrx_word'/>
</head>
<body>
  <div class='ocr_page' id='page_1' title='image "./dedanorumrebusg01thorgoog_0014.png"; bbox 0 0 4406 5554; ppageno 0'>
   <div class='ocr_carea' id='block_1_1' title="bbox 518 1289 1352 1402">
    <p class='ocr_par' dir='ltr' id='par_1_1' title="bbox 518 1289 1352 1402">
     <span class='ocr_line' id='line_1_1' title="bbox 518 1289 1352 1402; baseline -0.005 -4"><span class='ocrx_word' id='word_1_1' title='bbox 518 1291 884 1402; x_wconf 87' lang='lat' dir='ltr'>LECTORI</span> <span class='ocrx_word' id='word_1_2' title='bbox 935 1289 1352 1400; x_wconf 86' lang='lat' dir='ltr'><strong>SALUTEM.</strong></span> 
     </span>
    </p>
   </div>
   <div class='ocr_carea' id='block_1_2' title="bbox 135 1599 1748 1791">
    <p class='ocr_par' dir='ltr' id='par_1_2' title="bbox 135 1599 1748 1791">
     <span class='ocr_line' id='line_1_2' title="bbox 135 1599 1748 1791; baseline 0.001 -29"><span class='ocrx_word' id='word_1_3' title='bbox 135 1599 275 1762; x_wconf 84' lang='lat' dir='ltr'><strong>Inter</strong></span> <span class='ocrx_word' id='word_1_4' title='bbox 311 1681 454 1760; x_wconf 83' lang='lat' dir='ltr'><strong>omnia</strong></span> <span class='ocrx_word' id='word_1_5' title='bbox 482 1698 756 1791; x_wconf 81' lang='lat' dir='ltr'><strong>monumenta</strong></span> <span class='ocrx_word' id='word_1_6' title='bbox 784 1687 935 1773; x_wconf 77' lang='lat' dir='ltr'><strong>veteris</strong></span> <span class='ocrx_word' id='word_1_7' title='bbox 964 1683 1076 1762; x_wconf 89' lang='lat' dir='ltr'><strong>orbis</strong></span> <span class='ocrx_word' id='word_1_8' title='bbox 1105 1683 1280 1785; x_wconf 86' lang='lat' dir='ltr'><strong>Danici,</strong></span> <span class='ocrx_word' id='word_1_9' title='bbox 1323 1705 1417 1789; x_wconf 75' lang='lat' dir='ltr'><strong>qvae</strong></span> <span class='ocrx_word' id='word_1_10' title='bbox 1445 1697 1614 1790; x_wconf 79' lang='lat' dir='ltr'><strong>tempus</strong></span> <span class='ocrx_word' id='word_1_11' title='bbox 1642 1675 1748 1764; x_wconf 74' lang='lat' dir='ltr'><strong>edax</strong></span> 
     </span>
    </p>
   </div>
   <div class='ocr_carea' id='block_1_3' title="bbox 17 1857 1841 3428">
    <p class='ocr_par' dir='ltr' id='par_1_3' title="bbox 135 1857 1841 2516">
     <span class='ocr_line' id='line_1_3' title="bbox 136 1857 1748 1970; baseline -0.001 -25"><span class='ocrx_word' id='word_1_12' title='bbox 136 1889 277 1945; x_wconf 86' lang='lat' dir='ltr'><strong>rerum</strong></span> <span class='ocrx_word' id='word_1_13' title='bbox 304 1858 427 1940; x_wconf 87' lang='lat' dir='ltr'><strong>nobis</strong></span> <span class='ocrx_word' id='word_1_14' title='bbox 456 1857 642 1967; x_wconf 81' lang='lat' dir='ltr'><strong>reliqvit,</strong></span> <span class='ocrx_word' id='word_1_15' title='bbox 682 1861 928 1942; x_wconf 83' lang='lat' dir='ltr'><strong>admirabile</strong></span> <span class='ocrx_word' id='word_1_16' title='bbox 957 1864 1009 1941; x_wconf 89' lang='lat' dir='ltr'><strong>de</strong></span> <span class='ocrx_word' id='word_1_17' title='bbox 1032 1859 1270 1970; x_wconf 85' lang='lat' dir='ltr'><strong>Scyldingis</strong></span> <span class='ocrx_word' id='word_1_18' title='bbox 1299 1861 1412 1968; x_wconf 85' lang='lat' dir='ltr'><strong>Epos</strong></span> <span class='ocrx_word' id='word_1_19' title='bbox 1443 1859 1604 1969; x_wconf 81' lang='lat' dir='ltr'><strong>publici</strong></span> <span class='ocrx_word' id='word_1_20' title='bbox 1632 1888 1748 1945; x_wconf 88' lang='lat' dir='ltr'><strong>nunc</strong></span> 
     </span>
     <span class='ocr_line' id='line_1_4' title="bbox 135 2029 1841 2155; baseline 0.002 -31"><span class='ocrx_word' id='word_1_21' title='bbox 135 2046 243 2155; x_wconf 87' lang='lat' dir='ltr'><strong>juris</strong></span> <span class='ocrx_word' id='word_1_22' title='bbox 280 2041 439 2122; x_wconf 87' lang='lat' dir='ltr'><strong>factum</strong></span> <span class='ocrx_word' id='word_1_23' title='bbox 478 2043 648 2125; x_wconf 85' lang='lat' dir='ltr'><strong>eminet.</strong></span> <span class='ocrx_word' id='word_1_24' title='bbox 731 2041 948 2125; x_wconf 84' lang='lat' dir='ltr'><strong>Habemus</strong></span> <span class='ocrx_word' id='word_1_25' title='bbox 986 2045 1099 2124; x_wconf 85' lang='lat' dir='ltr'><strong>enim</strong></span> <span class='ocrx_word' id='word_1_26' title='bbox 1137 2041 1209 2122; x_wconf 89' lang='lat' dir='ltr'><strong>hic</strong></span> <span class='ocrx_word' id='word_1_27' title='bbox 1236 2043 1414 2146; x_wconf 85' lang='lat' dir='ltr'><strong>irriguos</strong></span> <span class='ocrx_word' id='word_1_28' title='bbox 1441 2039 1595 2148; x_wconf 79' lang='lat' dir='ltr'><strong>fontes,</strong></span> <span class='ocrx_word' id='word_1_29' title='bbox 1633 2045 1748 2126; x_wconf 82' lang='lat' dir='ltr'><strong>unde</strong></span> <span class='ocrx_word' id='word_1_30' title='bbox 1833 2029 1841 2034; x_wconf 35' lang='lat'>⁸</span> 
     </span>
     <span class='ocr_line' id='line_1_5' title="bbox 138 2220 1750 2336; baseline -0.002 -28"><span class='ocrx_word' id='word_1_31' title='bbox 138 2225 350 2336; x_wconf 84' lang='lat' dir='ltr'><strong>religionis</strong></span> <span class='ocrx_word' id='word_1_32' title='bbox 379 2225 637 2332; x_wconf 72' lang='lat' dir='ltr'><strong>poiseosqve</strong></span> <span class='ocrx_word' id='word_1_33' title='bbox 664 2227 830 2332; x_wconf 81' lang='lat' dir='ltr'><strong>notitia,</strong></span> <span class='ocrx_word' id='word_1_34' title='bbox 861 2243 903 2306; x_wconf 79' lang='lat' dir='ltr'><strong>et</strong></span> <span class='ocrx_word' id='word_1_35' title='bbox 930 2226 1064 2332; x_wconf 82' lang='lat' dir='ltr'><strong>gentis</strong></span> <span class='ocrx_word' id='word_1_36' title='bbox 1092 2243 1245 2308; x_wconf 74' lang='lat' dir='ltr'><strong>nostre</strong></span> <span class='ocrx_word' id='word_1_37' title='bbox 1274 2249 1414 2304; x_wconf 87' lang='lat' dir='ltr'><strong>rerum</strong></span> <span class='ocrx_word' id='word_1_38' title='bbox 1441 2220 1592 2304; x_wconf 83' lang='lat' dir='ltr'><strong>seculis</strong></span> <span class='ocrx_word' id='word_1_39' title='bbox 1617 2226 1684 2312; x_wconf 93' lang='lat' dir='ltr'><strong>III</strong></span> <span class='ocrx_word' id='word_1_40' title='bbox 1707 2242 1750 2306; x_wconf 88' lang='lat' dir='ltr'><strong>et</strong></span> 
     </span>
     <span class='ocr_line' id='line_1_6' title="bbox 138 2405 1015 2516; baseline -0.011 -22"><span class='ocrx_word' id='word_1_41' title='bbox 138 2411 204 2494; x_wconf 86' lang='lat' dir='ltr'><strong>IV</strong></span> <span class='ocrx_word' id='word_1_42' title='bbox 231 2426 441 2516; x_wconf 81' lang='lat' dir='ltr'><strong>gestarum</strong></span> <span class='ocrx_word' id='word_1_43' title='bbox 472 2408 597 2486; x_wconf 78' lang='lat' dir='ltr'><strong>series</strong></span> <span class='ocrx_word' id='word_1_44' title='bbox 626 2405 778 2488; x_wconf 87' lang='lat' dir='ltr'><strong>deduci</strong></span> <span class='ocrx_word' id='word_1_45' title='bbox 806 2411 952 2515; x_wconf 83' lang='lat' dir='ltr'><strong>possit.</strong></span> <span class='ocrx_word' id='word_1_46' title='bbox 978 2407 1015 2508; x_wconf 90' lang='lat'><strong>¹)</strong></span> 
     </span>
    </p>

    <p class='ocr_par' dir='ltr' id='par_1_4' title="bbox 138 2586 1751 3061">
     <span class='ocr_line' id='line_1_7' title="bbox 196 2586 1751 2695; baseline 0.001 -25"><span class='ocrx_word' id='word_1_47' title='bbox 196 2617 203 2624; x_wconf 91' lang='lat'><em>·</em></span> <span class='ocrx_word' id='word_1_48' title='bbox 303 2587 590 2670; x_wconf 86' lang='lat' dir='ltr'><strong>Honorificam</strong></span> <span class='ocrx_word' id='word_1_49' title='bbox 625 2615 726 2668; x_wconf 88' lang='lat' dir='ltr'><strong>sane</strong></span> <span class='ocrx_word' id='word_1_50' title='bbox 761 2586 943 2695; x_wconf 89' lang='lat' dir='ltr'><strong>hujusce</strong></span> <span class='ocrx_word' id='word_1_51' title='bbox 978 2589 1242 2667; x_wconf 87' lang='lat' dir='ltr'><strong>monumenti</strong></span> <span class='ocrx_word' id='word_1_52' title='bbox 1270 2605 1313 2668; x_wconf 86' lang='lat' dir='ltr'><strong>at</strong></span> <span class='ocrx_word' id='word_1_53' title='bbox 1341 2588 1484 2666; x_wconf 89' lang='lat' dir='ltr'><strong>minus</strong></span> <span class='ocrx_word' id='word_1_54' title='bbox 1511 2605 1751 2672; x_wconf 85' lang='lat' dir='ltr'><strong>accuratam</strong></span> 
     </span>
     <span class='ocr_line' id='line_1_8' title="bbox 138 2757 1750 2881; baseline -0.006 -24"><span class='ocrx_word' id='word_1_55' title='bbox 138 2757 396 2863; x_wconf 74' lang='lat' dir='ltr'><strong>mentionem</strong></span> <span class='ocrx_word' id='word_1_56' title='bbox 443 2768 544 2851; x_wconf 87' lang='lat' dir='ltr'><strong>fecit</strong></span> <span class='ocrx_word' id='word_1_57' title='bbox 580 2773 784 2881; x_wconf 80' lang='lat' dir='ltr'><strong>Georgius</strong></span> <span class='ocrx_word' id='word_1_58' title='bbox 818 2768 1063 2874; x_wconf 87' lang='lat' dir='ltr'><strong>Hickesius,</strong></span> <span class='ocrx_word' id='word_1_59' title='bbox 1108 2771 1497 2850; x_wconf 81' lang='lat' dir='ltr'><strong>vir-sanctissimus</strong></span> <span class='ocrx_word' id='word_1_60' title='bbox 1535 2786 1577 2848; x_wconf 83' lang='lat' dir='ltr'><strong>et</strong></span> <span class='ocrx_word' id='word_1_61' title='bbox 1609 2767 1750 2876; x_wconf 87' lang='lat' dir='ltr'><strong>philo·</strong></span> 
     </span>
     <span class='ocr_line' id='line_1_9' title="bbox 141 2931 1750 3061; baseline -0.003 -27"><span class='ocrx_word' id='word_1_62' title='bbox 141 2955 263 3061; x_wconf 79' lang='lat' dir='ltr'><strong>logias</strong></span> <span class='ocrx_word' id='word_1_63' title='bbox 308 2954 469 3059; x_wconf 87' lang='lat' dir='ltr'><strong>antiqvi</strong></span> <span class='ocrx_word' id='word_1_64' title='bbox 508 2951 620 3032; x_wconf 88' lang='lat' dir='ltr'><strong>orbis</strong></span> <span class='ocrx_word' id='word_1_65' title='bbox 663 2949 858 3034; x_wconf 87' lang='lat' dir='ltr'><strong>borealis</strong></span> <span class='ocrx_word' id='word_1_66' title='bbox 880 2969 1009 3030; x_wconf 88' lang='lat' dir='ltr'><strong>stator</strong></span> <span class='ocrx_word' id='word_1_67' title='bbox 1045 2948 1295 3030; x_wconf 85' lang='lat' dir='ltr'><strong>venerabilis</strong></span> <span class='ocrx_word' id='word_1_68' title='bbox 1332 2953 1378 3026; x_wconf 92' lang='lat' dir='ltr'><strong>in</strong></span> <span class='ocrx_word' id='word_1_69' title='bbox 1417 2975 1494 3027; x_wconf 88' lang='lat' dir='ltr'><strong>suo</strong></span> <span class='ocrx_word' id='word_1_70' title='bbox 1528 2931 1750 3029; x_wconf 72' lang='lat' dir='ltr'><strong>Thesauro</strong></span> 
     </span>
    </p>

    <p class='ocr_par' dir='ltr' id='par_1_5' title="bbox 17 3092 1752 3428">
     <span class='ocr_line' id='line_1_10' title="bbox 17 3107 1751 3240; baseline -0.002 -24"><span class='ocrx_word' id='word_1_71' title='bbox 17 3107 37 3198; x_wconf 51' lang='lat' dir='ltr'><strong>ss-</strong></span> <span class='ocrx_word' id='word_1_72' title='bbox 140 3135 438 3240; x_wconf 73' lang='lat' dir='ltr'><strong>antiquitatum</strong></span> <span class='ocrx_word' id='word_1_73' title='bbox 468 3129 856 3240; x_wconf 81' lang='lat' dir='ltr'><strong>septentrionalium</strong></span> <span class='ocrx_word' id='word_1_74' title='bbox 887 3134 1009 3234; x_wconf 75' lang='lat' dir='ltr'><strong>Tom,</strong></span> <span class='ocrx_word' id='word_1_75' title='bbox 1025 3134 1059 3221; x_wconf 85' lang='grc' dir='ltr'><strong>Ι.</strong></span> <span class='ocrx_word' id='word_1_76' title='bbox 1088 3161 1129 3238; x_wconf 77' lang='grc' dir='ltr'><strong>Ρ.</strong></span> <span class='ocrx_word' id='word_1_77' title='bbox 1150 3155 1244 3228; x_wconf 76' lang='lat'><strong>218,</strong></span> <span class='ocrx_word' id='word_1_78' title='bbox 1309 3133 1372 3212; x_wconf 84' lang='lat' dir='ltr'><strong>Ex</strong></span> <span class='ocrx_word' id='word_1_79' title='bbox 1399 3128 1572 3240; x_wconf 85' lang='lat' dir='ltr'><strong>prologo</strong></span> <span class='ocrx_word' id='word_1_80' title='bbox 1601 3147 1643 3210; x_wconf 87' lang='lat' dir='ltr'><strong>et</strong></span> <span class='ocrx_word' id='word_1_81' title='bbox 1670 3131 1751 3212; x_wconf 87' lang='lat' dir='ltr'><strong>ode</strong></span> 
     </span>
     <span class='ocr_line' id='line_1_11' title="bbox 17 3265 1752 3428; baseline 0.001 -32"><span class='ocrx_word' id='word_1_82' title='bbox 17 3265 28 3380; x_wconf 71' lang='lat' dir='ltr'><strong>l</strong></span> <span class='ocrx_word' id='word_1_83' title='bbox 137 3320 277 3428; x_wconf 83' lang='lat' dir='ltr'><strong>prima</strong></span> <span class='ocrx_word' id='word_1_84' title='bbox 315 3315 536 3417; x_wconf 79' lang='lat' dir='ltr'><strong>carminis,</strong></span> <span class='ocrx_word' id='word_1_85' title='bbox 573 3311 870 3421; x_wconf 85' lang='lat' dir='ltr'><strong>spesiminibus</strong></span> <span class='ocrx_word' id='word_1_86' title='bbox 906 3309 1086 3417; x_wconf 84' lang='lat' dir='ltr'><strong>allatis,·</strong></span> <span class='ocrx_word' id='word_1_87' title='bbox 1108 3337 1232 3394; x_wconf 88' lang='lat' dir='ltr'><strong>suum</strong></span> <span class='ocrx_word' id='word_1_88' title='bbox 1262 3311 1334 3393; x_wconf 87' lang='lat' dir='ltr'><strong>dat</strong></span> <span class='ocrx_word' id='word_1_89' title='bbox 1360 3309 1585 3421; x_wconf 88' lang='lat' dir='ltr'><strong>judicium.</strong></span> <span class='ocrx_word' id='word_1_90' title='bbox 1674 3319 1752 3398; x_wconf 71' lang='lat' dir='ltr'><strong>‹21o</strong></span> 
     </span>
    </p>
   </div>
   <div class='ocr_carea' id='block_1_4' title="bbox 17 3485 1754 3606">
    <p class='ocr_par' dir='ltr' id='par_1_6' title="bbox 17 3485 1754 3606">
     <span class='ocr_line' id='line_1_12' title="bbox 17 3485 1754 3606; baseline 0.002 -33"><span class='ocrx_word' id='word_1_91' title='bbox 17 3485 31 3602; x_wconf 48' lang='grc' dir='ltr'><strong>ζ.</strong></span> <span class='ocrx_word' id='word_1_92' title='bbox 140 3499 272 3604; x_wconf 76' lang='lat' dir='ltr'><strong>¹«hoc,</strong></span> <span class='ocrx_word' id='word_1_93' title='bbox 294 3498 477 3603; x_wconf 76' lang='lat' dir='ltr'><strong>inquit,</strong></span> <span class='ocrx_word' id='word_1_94' title='bbox 526 3491 658 3597; x_wconf 86' lang='lat' dir='ltr'><strong>libro,</strong></span> <span class='ocrx_word' id='word_1_95' title='bbox 683 3509 689 3521; x_wconf 87' lang='grc'><em>·</em></span> <span class='ocrx_word' id='word_1_96' title='bbox 712 3497 784 3601; x_wconf 91' lang='lat' dir='ltr'><strong>qvi</strong></span> <span class='ocrx_word' id='word_1_97' title='bbox 826 3497 999 3604; x_wconf 72' lang='lat' dir='ltr'><strong>poiseus</strong></span> <span class='ocrx_word' id='word_1_98' title='bbox 1048 3486 1386 3600; x_wconf 65' lang='lat' dir='ltr'><strong>anglosaxonica</strong></span> <span class='ocrx_word' id='word_1_99' title='bbox 1429 3499 1641 3606; x_wconf 84' lang='lat' dir='ltr'><strong>egregium</strong></span> <span class='ocrx_word' id='word_1_100' title='bbox 1689 3517 1754 3579; x_wconf 91' lang='lat' dir='ltr'><strong>est</strong></span> 
     </span>
    </p>
   </div>
   <div class='ocr_carea' id='block_1_5' title="bbox 17 3623 1752 3790">
    <p class='ocr_par' dir='ltr' id='par_1_7' title="bbox 17 3623 1752 3790">
     <span class='ocr_line' id='line_1_13' title="bbox 17 3623 1752 3790; baseline 0.001 -32"><span class='ocrx_word' id='word_1_101' title='bbox 17 3623 27 3758; x_wconf 67' lang='lat' dir='ltr'><strong>i</strong></span> <span class='ocrx_word' id='word_1_102' title='bbox 144 3667 433 3790; x_wconf 74' lang='lat' dir='ltr'><strong>«exemplum,</strong></span> <span class='ocrx_word' id='word_1_103' title='bbox 488 3653 695 3784; x_wconf 80' lang='lat' dir='ltr'><strong>descripta</strong></span> <span class='ocrx_word' id='word_1_104' title='bbox 736 3675 934 3757; x_wconf 82' lang='lat' dir='ltr'><strong>videntur</strong></span> <span class='ocrx_word' id='word_1_105' title='bbox 975 3673 1108 3782; x_wconf 84' lang='lat' dir='ltr'><strong>bella,</strong></span> <span class='ocrx_word' id='word_1_106' title='bbox 1156 3703 1265 3784; x_wconf 76' lang='lat' dir='ltr'><strong>qvas·</strong></span> <span class='ocrx_word' id='word_1_107' title='bbox 1291 3674 1535 3759; x_wconf 79' lang='lat' dir='ltr'><strong>Beowulfus</strong></span> <span class='ocrx_word' id='word_1_108' title='bbox 1579 3679 1752 3788; x_wconf 72' lang='lat' dir='ltr'><strong>quidam</strong></span> 
     </span>
    </p>
   </div>
   <div class='ocr_carea' id='block_1_6' title="bbox 147 3839 1751 3970">
    <p class='ocr_par' dir='ltr' id='par_1_8' title="bbox 147 3839 1751 3970">
     <span class='ocr_line' id='line_1_14' title="bbox 147 3839 1751 3970; baseline 0.005 -34"><span class='ocrx_word' id='word_1_109' title='bbox 147 3869 322 3946; x_wconf 68' lang='lat' dir='ltr'><strong>«Dauus</strong></span> <span class='ocrx_word' id='word_1_110' title='bbox 352 3891 403 3942; x_wconf 84' lang='lat' dir='ltr'><strong>ex</strong></span> <span class='ocrx_word' id='word_1_111' title='bbox 432 3860 561 3966; x_wconf 85' lang='lat' dir='ltr'><strong>Regia</strong></span> <span class='ocrx_word' id='word_1_112' title='bbox 577 3839 910 3970; x_wconf 75' lang='lat' dir='ltr'><strong>&#39;Scyltlingorum</strong></span> <span class='ocrx_word' id='word_1_113' title='bbox 949 3860 1078 3966; x_wconf 82' lang='lat' dir='ltr'><strong>stirpe</strong></span> <span class='ocrx_word' id='word_1_114' title='bbox 1114 3875 1229 3940; x_wconf 88' lang='lat' dir='ltr'><strong>ortus</strong></span> <span class='ocrx_word' id='word_1_115' title='bbox 1264 3859 1391 3966; x_wconf 87' lang='lat' dir='ltr'><strong>gessit</strong></span> <span class='ocrx_word' id='word_1_116' title='bbox 1418 3878 1571 3939; x_wconf 81' lang='lat' dir='ltr'><strong>contra.</strong></span> <span class='ocrx_word' id='word_1_117' title='bbox 1591 3863 1751 3945; x_wconf 81' lang='lat' dir='ltr'><strong>Sveciae</strong></span> 
     </span>
    </p>
   </div>
   <div class='ocr_carea' id='block_1_7' title="bbox 141 4031 1751 4158">
    <p class='ocr_par' dir='ltr' id='par_1_9' title="bbox 141 4031 1751 4158">
     <span class='ocr_line' id='line_1_15' title="bbox 141 4031 1751 4158; baseline 0.006 -38"><span class='ocrx_word' id='word_1_118' title='bbox 141 4031 407 4158; x_wconf 61' lang='lat' dir='ltr'><strong>o&#39;Regulosss&#39;</strong></span> <span class='ocrx_word' id='word_1_119' title='bbox 472 4043 558 4122; x_wconf 85' lang='lat' dir='ltr'><strong>Res</strong></span> <span class='ocrx_word' id='word_1_120' title='bbox 586 4039 679 4120; x_wconf 82' lang='lat' dir='ltr'><strong>haec</strong></span> <span class='ocrx_word' id='word_1_121' title='bbox 708 4037 818 4120; x_wconf 75' lang='lat' dir='ltr'><strong>albo‘</strong></span> <span class='ocrx_word' id='word_1_122' title='bbox 833 4043 964 4122; x_wconf 86' lang='lat' dir='ltr'><strong>rarior</strong></span> <span class='ocrx_word' id='word_1_123' title='bbox 992 4068 1141 4148; x_wconf 82' lang='lat' dir='ltr'><strong>corvo,</strong></span> <span class='ocrx_word' id='word_1_124' title='bbox 1179 4067 1267 4120; x_wconf 86' lang='lat' dir='ltr'><strong>non</strong></span> <span class='ocrx_word' id='word_1_125' title='bbox 1295 4043 1434 4148; x_wconf 83' lang='lat' dir='ltr'><strong>potnit</strong></span> <span class='ocrx_word' id='word_1_126' title='bbox 1460 4069 1547 4122; x_wconf 88' lang='lat' dir='ltr'><strong>non</strong></span> <span class='ocrx_word' id='word_1_127' title='bbox 1575 4046 1621 4124; x_wconf 90' lang='lat' dir='ltr'><strong>in</strong></span> <span class='ocrx_word' id='word_1_128' title='bbox 1649 4049 1751 4129; x_wconf 79' lang='lat' dir='ltr'><strong>virle</strong></span> 
     </span>
    </p>
   </div>
   <div class='ocr_carea' id='block_1_8' title="bbox 78 4323 1752 4558">
    <p class='ocr_par' dir='ltr' id='par_1_10' title="bbox 78 4323 1752 4558">
     <span class='ocr_line' id='line_1_16' title="bbox 78 4323 1752 4440; baseline -0.002 -20"><span class='ocrx_word' id='word_1_129' title='bbox 78 4331 81 4336; x_wconf 48' lang='lat'>,</span> <span class='ocrx_word' id='word_1_130' title='bbox 145 4323 207 4440; x_wconf 74' lang='grc' dir='ltr'><strong>ιι)</strong></span> <span class='ocrx_word' id='word_1_131' title='bbox 243 4357 347 4422; x_wconf 86' lang='lat' dir='ltr'><strong>Conlr.</strong></span> <span class='ocrx_word' id='word_1_132' title='bbox 378 4357 410 4421; x_wconf 81' lang='lat' dir='ltr'><strong>P.</strong></span> <span class='ocrx_word' id='word_1_133' title='bbox 432 4356 479 4424; x_wconf 84' lang='lat' dir='ltr'><strong>Fr.</strong></span> <span class='ocrx_word' id='word_1_134' title='bbox 502 4353 610 4416; x_wconf 73' lang='lat' dir='ltr'><strong>solos</strong></span> <span class='ocrx_word' id='word_1_135' title='bbox 631 4353 771 4416; x_wconf 76' lang='lat' dir='ltr'><strong>Tobetler</strong></span> <span class='ocrx_word' id='word_1_136' title='bbox 791 4376 860 4416; x_wconf 77' lang='lat' dir='ltr'><strong>orer</strong></span> <span class='ocrx_word' id='word_1_137' title='bbox 887 4353 945 4416; x_wconf 73' lang='lat' dir='ltr'><strong>cleu</strong></span> <span class='ocrx_word' id='word_1_138' title='bbox 968 4352 1111 4418; x_wconf 77' lang='lat' dir='ltr'><strong>Cristiske</strong></span> <span class='ocrx_word' id='word_1_139' title='bbox 1134 4350 1264 4418; x_wconf 72' lang='lat' dir='ltr'><strong>Historia</strong></span> <span class='ocrx_word' id='word_1_140' title='bbox 1291 4351 1324 4412; x_wconf 79' lang='lat' dir='ltr'><strong>ai</strong></span> <span class='ocrx_word' id='word_1_141' title='bbox 1341 4353 1504 4420; x_wconf 80' lang='lat' dir='ltr'><strong>Dsnmsrk.</strong></span> <span class='ocrx_word' id='word_1_142' title='bbox 1551 4352 1752 4420; x_wconf 73' lang='lat' dir='ltr'><strong>Kiobcnhm</strong></span> 
     </span>
     <span class='ocr_line' id='line_1_17' title="bbox 252 4469 1749 4558; baseline 0.004 -24"><span class='ocrx_word' id='word_1_143' title='bbox 252 4495 343 4558; x_wconf 85' lang='lat'>1779.</span> <span class='ocrx_word' id='word_1_144' title='bbox 376 4474 430 4535; x_wconf 82' lang='lat' dir='ltr'><strong>iol.</strong></span> <span class='ocrx_word' id='word_1_145' title='bbox 453 4473 531 4534; x_wconf 63' lang='lat' dir='ltr'><strong>unt.</strong></span> <span class='ocrx_word' id='word_1_146' title='bbox 548 4475 635 4537; x_wconf 80' lang='lat' dir='ltr'><strong>xlv.</strong></span> <span class='ocrx_word' id='word_1_147' title='bbox 684 4473 824 4555; x_wconf 75' lang='lat' dir='ltr'><strong>Ejusdem</strong></span> <span class='ocrx_word' id='word_1_148' title='bbox 847 4473 948 4555; x_wconf 83' lang='lat' dir='ltr'><strong>Udtog</strong></span> <span class='ocrx_word' id='word_1_149' title='bbox 967 4469 999 4532; x_wconf 82' lang='lat' dir='ltr'><strong>al</strong></span> <span class='ocrx_word' id='word_1_150' title='bbox 1019 4471 1204 4553; x_wconf 72' lang='lat' dir='ltr'><strong>Donnsrlrs,</strong></span> <span class='ocrx_word' id='word_1_151' title='bbox 1232 4471 1345 4553; x_wconf 80' lang='lat' dir='ltr'><strong>Norges</strong></span> <span class='ocrx_word' id='word_1_152' title='bbox 1366 4493 1405 4553; x_wconf 73' lang='lat' dir='ltr'><strong>og</strong></span> <span class='ocrx_word' id='word_1_153' title='bbox 1425 4470 1582 4534; x_wconf 81' lang='lat' dir='ltr'><strong>Holsteens</strong></span> <span class='ocrx_word' id='word_1_154' title='bbox 1605 4475 1749 4541; x_wconf 79' lang='lat' dir='ltr'><strong>Historia·</strong></span> 
     </span>
    </p>
   </div>
   <div class='ocr_carea' id='block_1_9' title="bbox 191 4591 744 4674">
    <p class='ocr_par' dir='ltr' id='par_1_11' title="bbox 191 4591 744 4674">
     <span class='ocr_line' id='line_1_18' title="bbox 191 4591 744 4674; baseline 0.007 -20"><span class='ocrx_word' id='word_1_155' title='bbox 191 4621 194 4626; x_wconf 41' lang='lat'>¹</span> <span class='ocrx_word' id='word_1_156' title='bbox 251 4591 329 4666; x_wconf 70' lang='lat' dir='ltr'><strong>Tela.</strong></span> <span class='ocrx_word' id='word_1_157' title='bbox 352 4594 389 4655; x_wconf 85' lang='lat' dir='ltr'><strong>B.</strong></span> <span class='ocrx_word' id='word_1_158' title='bbox 425 4591 623 4656; x_wconf 65' lang='lat' dir='ltr'><strong>mutentur</strong></span> <span class='ocrx_word' id='word_1_159' title='bbox 648 4599 744 4674; x_wconf 59' lang='lat'>18142</span> 
     </span>
    </p>
   </div>
   <div class='ocr_carea' id='block_1_10' title="bbox 0 0 2215 5554">
    <p class='ocr_par' dir='ltr' id='par_1_12' title="bbox 0 0 2215 5554">
     <span class='ocr_line' id='line_1_19' title="bbox 0 0 2215 5554; baseline 0 0"><span class='ocrx_word' id='word_1_160' title='bbox 0 0 2215 5554; x_wconf 95' lang='lat' dir='ltr'><strong> </strong></span> 
     </span>
    </p>
   </div>
  </div>
 </body>
</html>
