<?xml version="1.0" encoding="UTF-8"?>
<!DOCTYPE html PUBLIC "-//W3C//DTD XHTML 1.0 Transitional//EN"
    "http://www.w3.org/TR/xhtml1/DTD/xhtml1-transitional.dtd">
<html xmlns="http://www.w3.org/1999/xhtml" xml:lang="en" lang="en">
 <head>
  <title>
</title>
<meta http-equiv="Content-Type" content="text/html;charset=utf-8" />
  <meta name='ocr-system' content='tesseract 3.04.00' />
  <meta name='ocr-capabilities' content='ocr_page ocr_carea ocr_par ocr_line ocrx_word'/>
</head>
<body>
  <div class='ocr_page' id='page_1' title='image "./dedanorumrebusg01thorgoog_0297.png"; bbox 0 0 4480 5518; ppageno 0'>
   <div class='ocr_carea' id='block_1_1' title="bbox 1072 397 1468 488">
    <p class='ocr_par' dir='ltr' id='par_1_1' title="bbox 1072 397 1468 488">
     <span class='ocr_line' id='line_1_1' title="bbox 1072 397 1468 488; baseline 0 0"><span class='ocrx_word' id='word_1_1' title='bbox 1072 397 1468 488; x_wconf 80' lang='lat'>-266-</span> 
     </span>
    </p>
   </div>
   <div class='ocr_carea' id='block_1_2' title="bbox 450 616 1242 1958">
    <p class='ocr_par' dir='ltr' id='par_1_2' title="bbox 450 616 1242 1958">
     <span class='ocr_line' id='line_1_2' title="bbox 450 616 1238 755; baseline -0.001 -27"><span class='ocrx_word' id='word_1_2' title='bbox 450 616 761 754; x_wconf 66' lang='lat' dir='ltr'><strong>Wealpeop,</strong></span> <span class='ocrx_word' id='word_1_3' title='bbox 789 649 1016 752; x_wconf 72' lang='lat' dir='ltr'><strong>Wealpao,</strong></span> <span class='ocrx_word' id='word_1_4' title='bbox 1047 651 1238 755; x_wconf 80' lang='lat' dir='ltr'><strong>Hrodgari</strong></span> 
     </span>
     <span class='ocr_line' id='line_1_3' title="bbox 554 779 1237 886; baseline -0.003 -24"><span class='ocrx_word' id='word_1_5' title='bbox 554 791 686 862; x_wconf 78' lang='lat' dir='ltr'><strong>Daniae</strong></span> <span class='ocrx_word' id='word_1_6' title='bbox 710 779 821 886; x_wconf 84' lang='lat' dir='ltr'><strong>Re&#39;gis</strong></span> <span class='ocrx_word' id='word_1_7' title='bbox 848 811 1014 862; x_wconf 84' lang='lat' dir='ltr'><strong>consors.</strong></span> <span class='ocrx_word' id='word_1_8' title='bbox 1066 791 1110 858; x_wconf 91' lang='lat' dir='ltr'><strong>ln</strong></span> <span class='ocrx_word' id='word_1_9' title='bbox 1137 791 1237 880; x_wconf 82' lang='lat' dir='ltr'><strong>aula,</strong></span> 
     </span>
     <span class='ocr_line' id='line_1_4' title="bbox 553 921 1237 1025; baseline -0.003 -29"><span class='ocrx_word' id='word_1_10' title='bbox 553 924 691 1025; x_wconf 87' lang='lat' dir='ltr'><strong>pocula</strong></span> <span class='ocrx_word' id='word_1_11' title='bbox 709 923 901 996; x_wconf 83' lang='lat' dir='ltr'><strong>ministrat.</strong></span> <span class='ocrx_word' id='word_1_12' title='bbox 915 931 973 1010; x_wconf 80' lang='grc'><strong>48.</strong></span> <span class='ocrx_word' id='word_1_13' title='bbox 1002 921 1237 994; x_wconf 80' lang='lat' dir='ltr'><strong>Beownllum</strong></span> 
     </span>
     <span class='ocr_line' id='line_1_5' title="bbox 525 1055 1234 1156; baseline -0.006 -24"><span class='ocrx_word' id='word_1_14' title='bbox 525 1064 532 1070; x_wconf 82' lang='lat'>&#39;</span> <span class='ocrx_word' id='word_1_15' title='bbox 555 1079 592 1132; x_wconf 88' lang='lat' dir='ltr'><strong>et</strong></span> <span class='ocrx_word' id='word_1_16' title='bbox 610 1083 696 1130; x_wconf 89' lang='lat' dir='ltr'><strong>suos</strong></span> <span class='ocrx_word' id='word_1_17' title='bbox 715 1058 835 1128; x_wconf 84' lang='lat' dir='ltr'><strong>socios</strong></span> <span class='ocrx_word' id='word_1_18' title='bbox 860 1055 1062 1146; x_wconf 83' lang='lat' dir='ltr'><strong>clementer</strong></span> <span class='ocrx_word' id='word_1_19' title='bbox 1082 1060 1234 1156; x_wconf 85' lang='lat' dir='ltr'><strong>excipit.</strong></span> 
     </span>
     <span class='ocr_line' id='line_1_6' title="bbox 501 1189 1240 1298; baseline -0.001 -34"><span class='ocrx_word' id='word_1_20' title='bbox 501 1279 510 1298; x_wconf 45' lang='lat'><strong>·</strong></span> <span class='ocrx_word' id='word_1_21' title='bbox 555 1204 728 1292; x_wconf 61' lang='lat' dir='ltr'><strong>lpseqq.</strong></span> <span class='ocrx_word' id='word_1_22' title='bbox 751 1189 1240 1285; x_wconf 77' lang='lat' dir='ltr'><strong>Regem‚utseclementem</strong></span> 
     </span>
     <span class='ocr_line' id='line_1_7' title="bbox 554 1323 1241 1426; baseline -0.004 -25"><span class='ocrx_word' id='word_1_23' title='bbox 554 1345 593 1402; x_wconf 81' lang='lat' dir='ltr'><strong>ct</strong></span> <span class='ocrx_word' id='word_1_24' title='bbox 619 1323 837 1398; x_wconf 86' lang='lat' dir='ltr'><strong>munificum</strong></span> <span class='ocrx_word' id='word_1_25' title='bbox 857 1325 991 1398; x_wconf 89' lang='lat' dir='ltr'><strong>Gothis</strong></span> <span class='ocrx_word' id='word_1_26' title='bbox 1015 1343 1130 1426; x_wconf 79' lang='lat' dir='ltr'><strong>gerat,</strong></span> <span class='ocrx_word' id='word_1_27' title='bbox 1160 1347 1241 1398; x_wconf 90' lang='lat' dir='ltr'><strong>mo·</strong></span> 
     </span>
     <span class='ocr_line' id='line_1_8' title="bbox 555 1459 1242 1554; baseline -0.006 -18"><span class='ocrx_word' id='word_1_28' title='bbox 555 1480 630 1536; x_wconf 83' lang='lat' dir='ltr'><strong>net.</strong></span> <span class='ocrx_word' id='word_1_29' title='bbox 661 1475 721 1554; x_wconf 86' lang='lat'><strong>89.</strong></span> <span class='ocrx_word' id='word_1_30' title='bbox 773 1459 966 1532; x_wconf 81' lang='lat' dir='ltr'><strong>Ileovvulfo</strong></span> <span class='ocrx_word' id='word_1_31' title='bbox 993 1461 1132 1532; x_wconf 86' lang='lat' dir='ltr'><strong>monile</strong></span> <span class='ocrx_word' id='word_1_32' title='bbox 1151 1462 1242 1532; x_wconf 88' lang='lat' dir='ltr'><strong>Bro-</strong></span> 
     </span>
     <span class='ocr_line' id='line_1_9' title="bbox 555 1593 1240 1696; baseline -0.004 -27"><span class='ocrx_word' id='word_1_33' title='bbox 555 1598 749 1696; x_wconf 85' lang='lat' dir='ltr'><strong>singamsn</strong></span> <span class='ocrx_word' id='word_1_34' title='bbox 775 1593 849 1672; x_wconf 84' lang='lat' dir='ltr'><strong>dat.</strong></span> <span class='ocrx_word' id='word_1_35' title='bbox 877 1616 938 1686; x_wconf 84' lang='lat'><strong>92.</strong></span> <span class='ocrx_word' id='word_1_36' title='bbox 973 1595 1064 1688; x_wconf 87' lang='lat' dir='ltr'><strong>Ejus</strong></span> <span class='ocrx_word' id='word_1_37' title='bbox 1083 1594 1128 1666; x_wconf 87' lang='lat' dir='ltr'><strong>ad</strong></span> <span class='ocrx_word' id='word_1_38' title='bbox 1150 1597 1240 1666; x_wconf 86' lang='lat' dir='ltr'><strong>Beo-</strong></span> 
     </span>
     <span class='ocr_line' id='line_1_10' title="bbox 553 1727 1239 1827; baseline -0.007 -23"><span class='ocrx_word' id='word_1_39' title='bbox 553 1727 713 1804; x_wconf 86' lang='lat' dir='ltr'><strong>wnlsum</strong></span> <span class='ocrx_word' id='word_1_40' title='bbox 759 1729 894 1804; x_wconf 88' lang='lat' dir='ltr'><strong>oratio.</strong></span> <span class='ocrx_word' id='word_1_41' title='bbox 981 1729 1239 1827; x_wconf 82' lang='lat' dir='ltr'><strong>Adoptionem</strong></span> 
     </span>
     <span class='ocr_line' id='line_1_11' title="bbox 553 1859 1240 1958; baseline -0.006 -20"><span class='ocrx_word' id='word_1_42' title='bbox 553 1859 735 1938; x_wconf 76' lang='lat' dir='ltr'><strong>Bcowulli</strong></span> <span class='ocrx_word' id='word_1_43' title='bbox 761 1861 905 1934; x_wconf 80' lang='lat' dir='ltr'>suadet.</span> <span class='ocrx_word' id='word_1_44' title='bbox 941 1889 1003 1956; x_wconf 72' lang='lat'><strong>92·</strong></span> <span class='ocrx_word' id='word_1_45' title='bbox 1032 1885 1093 1954; x_wconf 84' lang='lat'><strong>93.</strong></span> <span class='ocrx_word' id='word_1_46' title='bbox 1149 1865 1240 1958; x_wconf 86' lang='lat' dir='ltr'><strong>Ejus</strong></span> 
     </span>
    </p>
   </div>
   <div class='ocr_carea' id='block_1_3' title="bbox 455 1967 1252 2363">
    <p class='ocr_par' dir='ltr' id='par_1_3' title="bbox 455 1967 1252 2363">
     <span class='ocr_line' id='line_1_12' title="bbox 553 1967 1252 2078; baseline 0.001 -8"><span class='ocrx_word' id='word_1_47' title='bbox 553 1997 619 2070; x_wconf 88' lang='lat' dir='ltr'><strong>filii</strong></span> <span class='ocrx_word' id='word_1_48' title='bbox 648 1997 861 2070; x_wconf 87' lang='lat' dir='ltr'><strong>Hredrocus</strong></span> <span class='ocrx_word' id='word_1_49' title='bbox 887 2013 924 2068; x_wconf 89' lang='lat' dir='ltr'><strong>et</strong></span> <span class='ocrx_word' id='word_1_50' title='bbox 949 1967 1252 2078; x_wconf 40' lang='lat' dir='ltr'><strong>Hrodmundusr</strong></span> 
     </span>
     <span class='ocr_line' id='line_1_13' title="bbox 554 2133 648 2205; baseline -0.021 -1"><span class='ocrx_word' id='word_1_51' title='bbox 554 2133 648 2205; x_wconf 85' lang='lat' dir='ltr'><strong>ibid.</strong></span> 
     </span>
     <span class='ocr_line' id='line_1_14' title="bbox 455 2264 1239 2363; baseline -0.029 -16"><span class='ocrx_word' id='word_1_52' title='bbox 455 2264 849 2346; x_wconf 81' lang='lat' dir='ltr'><strong>Wedcra-leodc.</strong></span> <span class='ocrx_word' id='word_1_53' title='bbox 876 2292 913 2363; x_wconf 72' lang='lat' dir='ltr'><strong>p.</strong></span> <span class='ocrx_word' id='word_1_54' title='bbox 935 2287 994 2358; x_wconf 88' lang='lat'><strong>19.</strong></span> <span class='ocrx_word' id='word_1_55' title='bbox 1031 2265 1122 2337; x_wconf 84' lang='lat' dir='ltr'><strong>alias</strong></span> <span class='ocrx_word' id='word_1_56' title='bbox 1150 2269 1239 2338; x_wconf 73' lang='lat' dir='ltr'><strong>So.</strong></span> 
     </span>
    </p>
   </div>
   <div class='ocr_carea' id='block_1_4' title="bbox 555 2399 1239 2494">
    <p class='ocr_par' dir='ltr' id='par_1_4' title="bbox 555 2399 1239 2494">
     <span class='ocr_line' id='line_1_15' title="bbox 555 2399 1239 2494; baseline -0.003 -21"><span class='ocrx_word' id='word_1_57' title='bbox 555 2403 712 2474; x_wconf 80' lang='lat' dir='ltr'><strong>Getas.</strong></span> <span class='ocrx_word' id='word_1_58' title='bbox 744 2417 825 2494; x_wconf 83' lang='lat'>¹39·</span> <span class='ocrx_word' id='word_1_59' title='bbox 858 2400 883 2474; x_wconf 82' lang='lat' dir='ltr'><strong>i.</strong></span> <span class='ocrx_word' id='word_1_60' title='bbox 902 2424 934 2472; x_wconf 85' lang='lat' dir='ltr'><strong>e.</strong></span> <span class='ocrx_word' id='word_1_61' title='bbox 961 2399 1075 2470; x_wconf 90' lang='lat' dir='ltr'><strong>Gothi</strong></span> <span class='ocrx_word' id='word_1_62' title='bbox 1095 2403 1239 2471; x_wconf 88' lang='lat' dir='ltr'><strong>mariti·</strong></span> 
     </span>
    </p>
   </div>
   <div class='ocr_carea' id='block_1_5' title="bbox 1388 653 2077 2496">
    <p class='ocr_par' dir='ltr' id='par_1_5' title="bbox 1388 653 2077 2496">
     <span class='ocr_line' id='line_1_16' title="bbox 1388 653 2068 730; baseline 0.001 -2"><span class='ocrx_word' id='word_1_63' title='bbox 1388 669 1549 728; x_wconf 73' lang='lat' dir='ltr'><strong>ventrem</strong></span> <span class='ocrx_word' id='word_1_64' title='bbox 1589 672 1627 728; x_wconf 87' lang='lat' dir='ltr'><strong>et</strong></span> <span class='ocrx_word' id='word_1_65' title='bbox 1665 653 1848 728; x_wconf 81' lang='lat' dir='ltr'>incultam</span> <span class='ocrx_word' id='word_1_66' title='bbox 1884 658 2068 730; x_wconf 80' lang='lat' dir='ltr'><strong>viventem</strong></span> 
     </span>
     <span class='ocr_line' id='line_1_17' title="bbox 1390 788 2072 888; baseline 0.004 -29"><span class='ocrx_word' id='word_1_67' title='bbox 1390 805 1501 884; x_wconf 87' lang='lat' dir='ltr'><strong>raptu</strong></span> <span class='ocrx_word' id='word_1_68' title='bbox 1528 789 1693 888; x_wconf 82' lang='lat' dir='ltr'><strong>appellat</strong></span> <span class='ocrx_word' id='word_1_69' title='bbox 1709 788 1973 863; x_wconf 80' lang='lat' dir='ltr'><strong>Theodoriana</strong></span> <span class='ocrx_word' id='word_1_70' title='bbox 1993 795 2072 864; x_wconf 85' lang='grc' dir='ltr'><strong>Μο-</strong></span> 
     </span>
     <span class='ocr_line' id='line_1_18' title="bbox 1390 919 2071 1025; baseline 0.007 -32"><span class='ocrx_word' id='word_1_71' title='bbox 1390 945 1509 994; x_wconf 86' lang='lat' dir='ltr'><strong>nacus</strong></span> <span class='ocrx_word' id='word_1_72' title='bbox 1547 919 1595 991; x_wconf 82' lang='lat' dir='ltr'><strong>de</strong></span> <span class='ocrx_word' id='word_1_73' title='bbox 1627 924 1795 1023; x_wconf 77' lang='lat' dir='ltr'>Regibus</span> <span class='ocrx_word' id='word_1_74' title='bbox 1837 925 2071 1025; x_wconf 84' lang='lat' dir='ltr'><strong>Norvegicis.</strong></span> 
     </span>
     <span class='ocr_line' id='line_1_19' title="bbox 1390 1055 2074 1154; baseline 0.003 -24"><span class='ocrx_word' id='word_1_75' title='bbox 1390 1055 1577 1154; x_wconf 80' lang='lat' dir='ltr'><strong>Qvidqrid</strong></span> <span class='ocrx_word' id='word_1_76' title='bbox 1614 1058 1681 1146; x_wconf 85' lang='lat' dir='ltr'><strong>sit,</strong></span> <span class='ocrx_word' id='word_1_77' title='bbox 1724 1055 1825 1131; x_wconf 79' lang='lat' dir='ltr'><strong>conf.</strong></span> <span class='ocrx_word' id='word_1_78' title='bbox 1852 1061 2074 1133; x_wconf 77' lang='lat' dir='ltr'><strong>Wachterus</strong></span> 
     </span>
     <span class='ocr_line' id='line_1_20' title="bbox 1389 1189 2077 1270; baseline 0.007 -8"><span class='ocrx_word' id='word_1_79' title='bbox 1389 1191 1428 1262; x_wconf 92' lang='lat' dir='ltr'><strong>in</strong></span> <span class='ocrx_word' id='word_1_80' title='bbox 1450 1215 1539 1262; x_wconf 88' lang='lat' dir='ltr'><strong>voce</strong></span> <span class='ocrx_word' id='word_1_81' title='bbox 1557 1189 1741 1265; x_wconf 75' lang='lat' dir='ltr'><strong>Wanden.</strong></span> <span class='ocrx_word' id='word_1_82' title='bbox 1781 1195 1976 1266; x_wconf 85' lang='lat' dir='ltr'>Vocantur</span> <span class='ocrx_word' id='word_1_83' title='bbox 1992 1197 2077 1270; x_wconf 84' lang='lat' dir='ltr'><strong>We·</strong></span> 
     </span>
     <span class='ocr_line' id='line_1_21' title="bbox 1390 1323 2071 1424; baseline 0.012 -28"><span class='ocrx_word' id='word_1_84' title='bbox 1390 1323 1589 1397; x_wconf 86' lang='lat' dir='ltr'><strong>deraleode</strong></span> <span class='ocrx_word' id='word_1_85' title='bbox 1616 1325 1707 1398; x_wconf 86' lang='lat' dir='ltr'><strong>alias</strong></span> <span class='ocrx_word' id='word_1_86' title='bbox 1730 1329 1952 1407; x_wconf 49' lang='lat' dir='ltr'><strong>sanem.</strong></span> <span class='ocrx_word' id='word_1_87' title='bbox 1988 1351 2071 1424; x_wconf 80' lang='lat'>139.</span> 
     </span>
     <span class='ocr_line' id='line_1_22' title="bbox 1390 1457 2073 1554; baseline 0.009 -23"><span class='ocrx_word' id='word_1_88' title='bbox 1390 1483 1430 1531; x_wconf 82' lang='lat' dir='ltr'><strong>o:</strong></span> <span class='ocrx_word' id='word_1_89' title='bbox 1460 1457 1576 1529; x_wconf 83' lang='lat' dir='ltr'><strong>Gothi</strong></span> <span class='ocrx_word' id='word_1_90' title='bbox 1603 1461 1794 1538; x_wconf 82' lang='lat' dir='ltr'><strong>maritimi.</strong></span> <span class='ocrx_word' id='word_1_91' title='bbox 1827 1483 1910 1554; x_wconf 86' lang='lat'>149.</span> <span class='ocrx_word' id='word_1_92' title='bbox 1945 1481 1982 1536; x_wconf 85' lang='lat' dir='ltr'><strong>et</strong></span> <span class='ocrx_word' id='word_1_93' title='bbox 2014 1489 2073 1537; x_wconf 83' lang='lat' dir='ltr'><strong>se·</strong></span> 
     </span>
     <span class='ocr_line' id='line_1_23' title="bbox 1389 1593 2073 1693; baseline 0.013 -31"><span class='ocrx_word' id='word_1_94' title='bbox 1389 1593 1509 1693; x_wconf 83' lang='lat' dir='ltr'><strong>qviori</strong></span> <span class='ocrx_word' id='word_1_95' title='bbox 1534 1617 1613 1663; x_wconf 81' lang='lat' dir='ltr'><strong>mvo</strong></span> <span class='ocrx_word' id='word_1_96' title='bbox 1645 1619 1743 1692; x_wconf 78' lang='lat' dir='ltr'><strong>sape</strong></span> <span class='ocrx_word' id='word_1_97' title='bbox 1769 1619 1854 1668; x_wconf 87' lang='lat' dir='ltr'><strong>cum</strong></span> <span class='ocrx_word' id='word_1_98' title='bbox 1882 1597 2073 1672; x_wconf 83' lang='lat' dir='ltr'><strong>Wandalis</strong></span> 
     </span>
     <span class='ocr_line' id='line_1_24' title="bbox 1390 1725 2075 1832; baseline 0.015 -34"><span class='ocrx_word' id='word_1_99' title='bbox 1390 1725 1692 1814; x_wconf 85' lang='lat' dir='ltr'><strong>confunduntur,</strong></span> <span class='ocrx_word' id='word_1_100' title='bbox 1720 1729 1882 1829; x_wconf 83' lang='lat' dir='ltr'><strong>exempli</strong></span> <span class='ocrx_word' id='word_1_101' title='bbox 1908 1735 2026 1832; x_wconf 83' lang='lat' dir='ltr'><strong>gratia</strong></span> <span class='ocrx_word' id='word_1_102' title='bbox 2054 1761 2075 1808; x_wconf 87' lang='lat' dir='ltr'><strong>a</strong></span> 
     </span>
     <span class='ocr_line' id='line_1_25' title="bbox 1390 1861 2074 1962; baseline 0.01 -29"><span class='ocrx_word' id='word_1_103' title='bbox 1390 1861 1631 1933; x_wconf 74' lang='lat' dir='ltr'><strong>Theoderico</strong></span> <span class='ocrx_word' id='word_1_104' title='bbox 1645 1889 1768 1962; x_wconf 88' lang='lat' dir='ltr'>nuper</span> <span class='ocrx_word' id='word_1_105' title='bbox 1783 1866 1912 1951; x_wconf 86' lang='lat' dir='ltr'><strong>citato,</strong></span> <span class='ocrx_word' id='word_1_106' title='bbox 1929 1869 2074 1940; x_wconf 84' lang='lat' dir='ltr'><strong>etJuris</strong></span> 
     </span>
     <span class='ocr_line' id='line_1_26' title="bbox 1390 1995 2073 2098; baseline 0.013 -34"><span class='ocrx_word' id='word_1_107' title='bbox 1390 1995 1533 2090; x_wconf 86' lang='lat' dir='ltr'><strong>publici</strong></span> <span class='ocrx_word' id='word_1_108' title='bbox 1552 1995 1783 2087; x_wconf 86' lang='lat' dir='ltr'><strong>doctoribus,</strong></span> <span class='ocrx_word' id='word_1_109' title='bbox 1803 2002 1866 2098; x_wconf 86' lang='lat' dir='ltr'><strong>qvi</strong></span> <span class='ocrx_word' id='word_1_110' title='bbox 1889 2027 1935 2071; x_wconf 85' lang='lat' dir='ltr'><strong>ex</strong></span> <span class='ocrx_word' id='word_1_111' title='bbox 1955 2005 2043 2076; x_wconf 92' lang='lat' dir='ltr'><strong>Vin</strong></span> <span class='ocrx_word' id='word_1_112' title='bbox 2057 2043 2073 2060; x_wconf 94' lang='lat'><em>·</em></span> 
     </span>
     <span class='ocr_line' id='line_1_27' title="bbox 1390 2129 2072 2209; baseline 0.012 -8"><span class='ocrx_word' id='word_1_113' title='bbox 1390 2129 1464 2202; x_wconf 89' lang='lat' dir='ltr'><strong>dis</strong></span> <span class='ocrx_word' id='word_1_114' title='bbox 1491 2131 1566 2202; x_wconf 82' lang='lat' dir='ltr'><strong>sive</strong></span> <span class='ocrx_word' id='word_1_115' title='bbox 1592 2132 1726 2203; x_wconf 88' lang='lat' dir='ltr'><strong>Gothis</strong></span> <span class='ocrx_word' id='word_1_116' title='bbox 1753 2137 1948 2206; x_wconf 85' lang='lat' dir='ltr'><strong>maritimis</strong></span> <span class='ocrx_word' id='word_1_117' title='bbox 1973 2134 2072 2209; x_wconf 84' lang='lat' dir='ltr'><strong>fece·</strong></span> 
     </span>
     <span class='ocr_line' id='line_1_28' title="bbox 1392 2263 2070 2367; baseline 0.015 -33"><span class='ocrx_word' id='word_1_118' title='bbox 1392 2283 1481 2334; x_wconf 88' lang='lat' dir='ltr'><strong>runt</strong></span> <span class='ocrx_word' id='word_1_119' title='bbox 1497 2263 1700 2337; x_wconf 83' lang='lat' dir='ltr'><strong>Wamlalos</strong></span> <span class='ocrx_word' id='word_1_120' title='bbox 1718 2293 1853 2367; x_wconf 70' lang='lat' dir='ltr'><strong>eosque</strong></span> <span class='ocrx_word' id='word_1_121' title='bbox 1872 2270 1981 2342; x_wconf 90' lang='lat' dir='ltr'><strong>titulo</strong></span> <span class='ocrx_word' id='word_1_122' title='bbox 1996 2275 2070 2344; x_wconf 81' lang='lat' dir='ltr'><strong>Re·</strong></span> 
     </span>
     <span class='ocr_line' id='line_1_29' title="bbox 1393 2397 1839 2496; baseline 0.022 -31"><span class='ocrx_word' id='word_1_123' title='bbox 1393 2399 1446 2496; x_wconf 82' lang='lat' dir='ltr'><strong>gis</strong></span> <span class='ocrx_word' id='word_1_124' title='bbox 1466 2399 1562 2468; x_wconf 85' lang='lat' dir='ltr'><strong>Dan.</strong></span> <span class='ocrx_word' id='word_1_125' title='bbox 1586 2397 1839 2475; x_wconf 83' lang='lat' dir='ltr'><strong>inseruerunt.</strong></span> 
     </span>
    </p>
   </div>
   <div class='ocr_carea' id='block_1_6' title="bbox 554 2530 2074 2642">
    <p class='ocr_par' dir='ltr' id='par_1_6' title="bbox 554 2530 2074 2642">
     <span class='ocr_line' id='line_1_30' title="bbox 554 2530 2074 2642; baseline 0.006 -33"><span class='ocrx_word' id='word_1_126' title='bbox 554 2538 621 2625; x_wconf 86' lang='lat' dir='ltr'><strong>mi,</strong></span> <span class='ocrx_word' id='word_1_127' title='bbox 650 2552 687 2607; x_wconf 86' lang='lat' dir='ltr'><strong>et</strong></span> <span class='ocrx_word' id='word_1_128' title='bbox 712 2530 902 2632; x_wconf 76' lang='lat' dir='ltr'><strong>Scylfingi.</strong></span> <span class='ocrx_word' id='word_1_129' title='bbox 959 2533 1093 2606; x_wconf 81' lang='lat' dir='ltr'><strong>Vocati</strong></span> <span class='ocrx_word' id='word_1_130' title='bbox 1112 2553 1239 2610; x_wconf 86' lang='lat' dir='ltr'><strong>autem</strong></span> <span class='ocrx_word' id='word_1_131' title='bbox 1293 2531 1504 2606; x_wconf 85' lang='lat' dir='ltr'><strong>Weland.</strong></span> <span class='ocrx_word' id='word_1_132' title='bbox 1554 2530 1775 2622; x_wconf 85' lang='lat' dir='ltr'><strong>Aurifaber,</strong></span> <span class='ocrx_word' id='word_1_133' title='bbox 1812 2563 2074 2642; x_wconf 73' lang='lat' dir='ltr'><strong>armorumque</strong></span> 
     </span>
    </p>
   </div>
   <div class='ocr_carea' id='block_1_7' title="bbox 554 2667 1242 4652">
    <p class='ocr_par' dir='ltr' id='par_1_7' title="bbox 554 2667 1242 4652">
     <span class='ocr_line' id='line_1_31' title="bbox 556 2667 1241 2745; baseline -0.004 0"><span class='ocrx_word' id='word_1_134' title='bbox 556 2667 1013 2745; x_wconf 78' lang='lat' dir='ltr'><strong>snntWedaraleode</strong></span> <span class='ocrx_word' id='word_1_135' title='bbox 1040 2668 1241 2742; x_wconf 84' lang='lat' dir='ltr'><strong>aWedar</strong></span> 
     </span>
     <span class='ocr_line' id='line_1_32' title="bbox 556 2803 1241 2901; baseline 0.001 -24"><span class='ocrx_word' id='word_1_136' title='bbox 556 2822 705 2893; x_wconf 76' lang='lat' dir='ltr'><strong>ventus,</strong></span> <span class='ocrx_word' id='word_1_137' title='bbox 723 2819 933 2901; x_wconf 81' lang='lat' dir='ltr'><strong>tempestas,</strong></span> <span class='ocrx_word' id='word_1_138' title='bbox 952 2803 1137 2900; x_wconf 82' lang='lat' dir='ltr'><strong>siqvidern·</strong></span> <span class='ocrx_word' id='word_1_139' title='bbox 1152 2803 1241 2878; x_wconf 88' lang='lat' dir='ltr'><strong>huic</strong></span> 
     </span>
     <span class='ocr_line' id='line_1_33' title="bbox 556 2935 1241 3013; baseline -0.003 0"><span class='ocrx_word' id='word_1_140' title='bbox 556 2942 744 3013; x_wconf 79' lang='lat' dir='ltr'><strong>elemento</strong></span> <span class='ocrx_word' id='word_1_141' title='bbox 771 2939 932 3008; x_wconf 79' lang='lat' dir='ltr'><strong>maxima</strong></span> <span class='ocrx_word' id='word_1_142' title='bbox 957 2953 1065 3009; x_wconf 83' lang='lat' dir='ltr'><strong>erant</strong></span> <span class='ocrx_word' id='word_1_143' title='bbox 1082 2935 1241 3011; x_wconf 86' lang='lat' dir='ltr'><strong>familia·</strong></span> 
     </span>
     <span class='ocr_line' id='line_1_34' title="bbox 554 3071 1241 3170; baseline 0 -24"><span class='ocrx_word' id='word_1_144' title='bbox 554 3098 614 3146; x_wconf 85' lang='lat' dir='ltr'><strong>res</strong></span> <span class='ocrx_word' id='word_1_145' title='bbox 648 3089 685 3142; x_wconf 87' lang='lat' dir='ltr'><strong>et</strong></span> <span class='ocrx_word' id='word_1_146' title='bbox 719 3071 949 3168; x_wconf 79' lang='lat' dir='ltr'><strong>navigationi</strong></span> <span class='ocrx_word' id='word_1_147' title='bbox 989 3096 1064 3170; x_wconf 85' lang='lat' dir='ltr'><strong>praa</strong></span> <span class='ocrx_word' id='word_1_148' title='bbox 1098 3076 1241 3146; x_wconf 77' lang='lat' dir='ltr'><strong>caeteris</strong></span> 
     </span>
     <span class='ocr_line' id='line_1_35' title="bbox 557 3204 1239 3280; baseline 0 0"><span class='ocrx_word' id='word_1_149' title='bbox 557 3204 769 3280; x_wconf 82' lang='lat' dir='ltr'><strong>studebant.</strong></span> <span class='ocrx_word' id='word_1_150' title='bbox 821 3205 903 3274; x_wconf 86' lang='lat' dir='ltr'><strong>Hos</strong></span> <span class='ocrx_word' id='word_1_151' title='bbox 920 3205 1046 3276; x_wconf 84' lang='lat' dir='ltr'><strong>Taciti</strong></span> <span class='ocrx_word' id='word_1_152' title='bbox 1060 3205 1239 3280; x_wconf 88' lang='lat' dir='ltr'><strong>Svionum</strong></span> 
     </span>
     <span class='ocr_line' id='line_1_36' title="bbox 556 3337 1242 3440; baseline 0.001 -28"><span class='ocrx_word' id='word_1_153' title='bbox 556 3358 725 3440; x_wconf 84' lang='lat' dir='ltr'><strong>posteros</strong></span> <span class='ocrx_word' id='word_1_154' title='bbox 752 3363 831 3410; x_wconf 86' lang='lat' dir='ltr'><strong>esse</strong></span> <span class='ocrx_word' id='word_1_155' title='bbox 856 3337 1093 3425; x_wconf 70' lang='lat' dir='ltr'><strong>crediderim,</strong></span> <span class='ocrx_word' id='word_1_156' title='bbox 1119 3343 1182 3440; x_wconf 84' lang='lat' dir='ltr'><strong>qvi</strong></span> <span class='ocrx_word' id='word_1_157' title='bbox 1202 3344 1242 3412; x_wconf 89' lang='lat' dir='ltr'><strong>in</strong></span> 
     </span>
     <span class='ocr_line' id='line_1_37' title="bbox 556 3475 1242 3575; baseline 0.003 -29"><span class='ocrx_word' id='word_1_158' title='bbox 556 3499 700 3546; x_wconf 85' lang='lat' dir='ltr'><strong>occano</strong></span> <span class='ocrx_word' id='word_1_159' title='bbox 741 3491 874 3570; x_wconf 69' lang='lat' dir='ltr'><strong>praeter</strong></span> <span class='ocrx_word' id='word_1_160' title='bbox 922 3475 1020 3546; x_wconf 86' lang='lat' dir='ltr'><strong>viros</strong></span> <span class='ocrx_word' id='word_1_161' title='bbox 1065 3500 1242 3575; x_wconf 74' lang='lat' dir='ltr'><strong>armaque</strong></span> 
     </span>
     <span class='ocr_line' id='line_1_38' title="bbox 557 3605 1241 3682; baseline 0.003 -2"><span class='ocrx_word' id='word_1_162' title='bbox 557 3608 735 3681; x_wconf 82' lang='lat' dir='ltr'><strong>classibus</strong></span> <span class='ocrx_word' id='word_1_163' title='bbox 762 3605 946 3676; x_wconf 86' lang='lat' dir='ltr'><strong>valebant.</strong></span> <span class='ocrx_word' id='word_1_164' title='bbox 988 3609 1034 3677; x_wconf 90' lang='lat' dir='ltr'><strong>Et</strong></span> <span class='ocrx_word' id='word_1_165' title='bbox 1060 3633 1149 3682; x_wconf 88' lang='lat' dir='ltr'><strong>sanc</strong></span> <span class='ocrx_word' id='word_1_166' title='bbox 1175 3611 1241 3682; x_wconf 87' lang='lat' dir='ltr'><strong>do·</strong></span> 
     </span>
     <span class='ocr_line' id='line_1_39' title="bbox 558 3740 1237 3816; baseline 0.001 -2"><span class='ocrx_word' id='word_1_167' title='bbox 558 3743 717 3814; x_wconf 83' lang='lat' dir='ltr'><strong>minium</strong></span> <span class='ocrx_word' id='word_1_168' title='bbox 745 3740 857 3809; x_wconf 88' lang='lat' dir='ltr'><strong>maris</strong></span> <span class='ocrx_word' id='word_1_169' title='bbox 883 3740 953 3810; x_wconf 84' lang='lat' dir='ltr'><strong>sibi</strong></span> <span class='ocrx_word' id='word_1_170' title='bbox 986 3741 1237 3816; x_wconf 85' lang='lat' dir='ltr'><strong>vindicarunt.</strong></span> 
     </span>
     <span class='ocr_line' id='line_1_40' title="bbox 555 3873 1240 3948; baseline 0 0"><span class='ocrx_word' id='word_1_171' title='bbox 555 3876 716 3948; x_wconf 83' lang='lat' dir='ltr'><strong>Islandis</strong></span> <span class='ocrx_word' id='word_1_172' title='bbox 742 3873 832 3944; x_wconf 89' lang='lat' dir='ltr'><strong>dicti</strong></span> <span class='ocrx_word' id='word_1_173' title='bbox 861 3873 1042 3946; x_wconf 86' lang='lat' dir='ltr'><strong>Vindcr</strong></span> <span class='ocrx_word' id='word_1_174' title='bbox 1067 3901 1089 3946; x_wconf 91' lang='lat' dir='ltr'><strong>a</strong></span> <span class='ocrx_word' id='word_1_175' title='bbox 1117 3877 1240 3948; x_wconf 88' lang='lat' dir='ltr'><strong>Vind</strong></span> 
     </span>
     <span class='ocr_line' id='line_1_41' title="bbox 556 4007 1240 4098; baseline -0.003 -15"><span class='ocrx_word' id='word_1_176' title='bbox 556 4027 689 4098; x_wconf 79' lang='lat' dir='ltr'><strong>vento,</strong></span> <span class='ocrx_word' id='word_1_177' title='bbox 730 4007 994 4080; x_wconf 88' lang='lat' dir='ltr'><strong>meridionales</strong></span> <span class='ocrx_word' id='word_1_178' title='bbox 1029 4009 1240 4082; x_wconf 87' lang='lat' dir='ltr'><strong>Germaniae</strong></span> 
     </span>
     <span class='ocr_line' id='line_1_42' title="bbox 558 4143 1242 4240; baseline 0.003 -23"><span class='ocrx_word' id='word_1_179' title='bbox 558 4143 1242 4240; x_wconf 76' lang='lat' dir='ltr'><strong>oraspraesertitnPomeraniametRu·</strong></span> 
     </span>
     <span class='ocr_line' id='line_1_43' title="bbox 558 4275 1242 4380; baseline 0.006 -30"><span class='ocrx_word' id='word_1_180' title='bbox 558 4275 884 4380; x_wconf 82' lang='lat' dir='ltr'><strong>giarnincolentes,</strong></span> <span class='ocrx_word' id='word_1_181' title='bbox 905 4275 1242 4354; x_wconf 87' lang='lat' dir='ltr'><strong>diversiaWanda·</strong></span> 
     </span>
     <span class='ocr_line' id='line_1_44' title="bbox 557 4409 1240 4513; baseline 0.006 -29"><span class='ocrx_word' id='word_1_182' title='bbox 557 4413 616 4504; x_wconf 88' lang='lat' dir='ltr'><strong>lis,</strong></span> <span class='ocrx_word' id='word_1_183' title='bbox 635 4411 788 4512; x_wconf 79' lang='lat' dir='ltr'><strong>originis</strong></span> <span class='ocrx_word' id='word_1_184' title='bbox 804 4409 960 4499; x_wconf 72' lang='lat' dir='ltr'><strong>slavica,</strong></span> <span class='ocrx_word' id='word_1_185' title='bbox 984 4437 1076 4510; x_wconf 89' lang='lat' dir='ltr'><strong>qvos</strong></span> <span class='ocrx_word' id='word_1_186' title='bbox 1092 4419 1240 4513; x_wconf 78' lang='lat' dir='ltr'><strong>gentem</strong></span> 
     </span>
     <span class='ocr_line' id='line_1_45' title="bbox 556 4547 1241 4652; baseline 0.007 -34"><span class='ocrx_word' id='word_1_187' title='bbox 556 4573 743 4648; x_wconf 80' lang='lat' dir='ltr'><strong>paganam</strong></span> <span class='ocrx_word' id='word_1_188' title='bbox 771 4562 809 4621; x_wconf 89' lang='lat' dir='ltr'><strong>et</strong></span> <span class='ocrx_word' id='word_1_189' title='bbox 825 4547 907 4618; x_wconf 90' lang='lat' dir='ltr'><strong>Deo</strong></span> <span class='ocrx_word' id='word_1_190' title='bbox 933 4547 1137 4643; x_wconf 85' lang='lat' dir='ltr'><strong>inimicam,</strong></span> <span class='ocrx_word' id='word_1_191' title='bbox 1167 4549 1241 4652; x_wconf 69' lang='lat' dir='ltr'><strong>syl·</strong></span> 
     </span>
    </p>
   </div>
   <div class='ocr_carea' id='block_1_8' title="bbox 1390 2663 2076 4640">
    <p class='ocr_par' dir='ltr' id='par_1_8' title="bbox 1390 2663 2076 4640">
     <span class='ocr_line' id='line_1_46' title="bbox 1392 2663 2072 2775; baseline 0.016 -37"><span class='ocrx_word' id='word_1_192' title='bbox 1392 2663 1526 2738; x_wconf 79' lang='lat' dir='ltr'><strong>artifex</strong></span> <span class='ocrx_word' id='word_1_193' title='bbox 1551 2689 1718 2739; x_wconf 78' lang='lat' dir='ltr'><strong>summus</strong></span> <span class='ocrx_word' id='word_1_194' title='bbox 1740 2669 1918 2744; x_wconf 82' lang='lat' dir='ltr'><strong>Haefaisto</strong></span> <span class='ocrx_word' id='word_1_195' title='bbox 1945 2677 2072 2775; x_wconf 77' lang='lat' dir='ltr'><strong>cyclo·</strong></span> 
     </span>
     <span class='ocr_line' id='line_1_47' title="bbox 1391 2801 2072 2909; baseline 0.022 -41"><span class='ocrx_word' id='word_1_196' title='bbox 1391 2827 1482 2898; x_wconf 87' lang='lat' dir='ltr'><strong>pum</strong></span> <span class='ocrx_word' id='word_1_197' title='bbox 1511 2801 1602 2900; x_wconf 75' lang='lat' dir='ltr'><strong>negt</strong></span> <span class='ocrx_word' id='word_1_198' title='bbox 1629 2827 1709 2898; x_wconf 87' lang='lat' dir='ltr'><strong>par.</strong></span> <span class='ocrx_word' id='word_1_199' title='bbox 1736 2829 1775 2900; x_wconf 91' lang='lat' dir='ltr'><strong>p.</strong></span> <span class='ocrx_word' id='word_1_200' title='bbox 1799 2827 1859 2896; x_wconf 85' lang='lat'><strong>39.</strong></span> <span class='ocrx_word' id='word_1_201' title='bbox 1911 2809 2001 2909; x_wconf 80' lang='lat' dir='ltr'><strong>Agit</strong></span> <span class='ocrx_word' id='word_1_202' title='bbox 2025 2811 2072 2884; x_wconf 88' lang='lat' dir='ltr'><strong>de</strong></span> 
     </span>
     <span class='ocr_line' id='line_1_48' title="bbox 1391 2933 2073 3021; baseline 0.021 -14"><span class='ocrx_word' id='word_1_203' title='bbox 1391 2957 1437 3007; x_wconf 89' lang='lat' dir='ltr'><strong>eo</strong></span> <span class='ocrx_word' id='word_1_204' title='bbox 1456 2934 1535 3006; x_wconf 76' lang='lat' dir='ltr'><strong>ona</strong></span> <span class='ocrx_word' id='word_1_205' title='bbox 1555 2933 1667 3007; x_wconf 81' lang='lat' dir='ltr'><strong>Eddoe</strong></span> <span class='ocrx_word' id='word_1_206' title='bbox 1685 2937 1956 3015; x_wconf 77' lang='lat' dir='ltr'><strong>Soemundianae</strong></span> <span class='ocrx_word' id='word_1_207' title='bbox 1974 2945 2073 3021; x_wconf 82' lang='lat' dir='ltr'><strong>dicta</strong></span> 
     </span>
     <span class='ocr_line' id='line_1_49' title="bbox 1392 3053 2072 3168; baseline 0.028 -28"><span class='ocrx_word' id='word_1_208' title='bbox 1392 3053 1739 3168; x_wconf 86' lang='lat' dir='ltr'><strong>Vaulunda&#39;rqvida.</strong></span> <span class='ocrx_word' id='word_1_209' title='bbox 1801 3075 1949 3168; x_wconf 70' lang='lat' dir='ltr'><strong>Quanta</strong></span> <span class='ocrx_word' id='word_1_210' title='bbox 1985 3109 2072 3158; x_wconf 83' lang='lat' dir='ltr'><strong>vero</strong></span> 
     </span>
     <span class='ocr_line' id='line_1_50' title="bbox 1390 3201 2071 3301; baseline 0.023 -26"><span class='ocrx_word' id='word_1_211' title='bbox 1390 3201 1491 3301; x_wconf 87' lang='lat' dir='ltr'><strong>apud</strong></span> <span class='ocrx_word' id='word_1_212' title='bbox 1519 3221 1662 3276; x_wconf 69' lang='lat' dir='ltr'><strong>veteres</strong></span> <span class='ocrx_word' id='word_1_213' title='bbox 1689 3206 1903 3284; x_wconf 82' lang='lat' dir='ltr'><strong>celebritate</strong></span> <span class='ocrx_word' id='word_1_214' title='bbox 1934 3231 1971 3286; x_wconf 85' lang='lat' dir='ltr'><strong>et</strong></span> <span class='ocrx_word' id='word_1_215' title='bbox 2002 3219 2071 3290; x_wconf 86' lang='lat' dir='ltr'><strong>ad·</strong></span> 
     </span>
     <span class='ocr_line' id='line_1_51' title="bbox 1391 3337 2067 3442; baseline 0.024 -34"><span class='ocrx_word' id='word_1_216' title='bbox 1391 3339 1589 3410; x_wconf 83' lang='lat' dir='ltr'><strong>miratione</strong></span> <span class='ocrx_word' id='word_1_217' title='bbox 1633 3337 1803 3414; x_wconf 77' lang='lat' dir='ltr'><strong>floruerit</strong></span> <span class='ocrx_word' id='word_1_218' title='bbox 1842 3347 2067 3442; x_wconf 70' lang='lat' dir='ltr'><strong>walanam,</strong></span> 
     </span>
     <span class='ocr_line' id='line_1_52' title="bbox 1390 3472 2069 3587; baseline 0.022 -42"><span class='ocrx_word' id='word_1_219' title='bbox 1390 3472 1580 3548; x_wconf 80' lang='lat' dir='ltr'><strong>velinde</strong></span> <span class='ocrx_word' id='word_1_220' title='bbox 1613 3473 1749 3572; x_wconf 74' lang='lat' dir='ltr'><strong>liquet,</strong></span> <span class='ocrx_word' id='word_1_221' title='bbox 1791 3481 1890 3578; x_wconf 79' lang='lat' dir='ltr'><strong>qvod</strong></span> <span class='ocrx_word' id='word_1_222' title='bbox 1926 3485 2069 3587; x_wconf 81' lang='lat' dir='ltr'><strong>Regum</strong></span> 
     </span>
     <span class='ocr_line' id='line_1_53' title="bbox 1392 3603 2071 3718; baseline 0.028 -42"><span class='ocrx_word' id='word_1_223' title='bbox 1392 3603 1507 3676; x_wconf 79' lang='lat' dir='ltr'><strong>decus</strong></span> <span class='ocrx_word' id='word_1_224' title='bbox 1547 3605 1742 3681; x_wconf 82' lang='lat' dir='ltr'><strong>AElfredus</strong></span> <span class='ocrx_word' id='word_1_225' title='bbox 1784 3615 1969 3714; x_wconf 81' lang='lat' dir='ltr'><strong>Magnus,</strong></span> <span class='ocrx_word' id='word_1_226' title='bbox 2014 3627 2071 3718; x_wconf 89' lang='lat' dir='ltr'><strong>(ut</strong></span> 
     </span>
     <span class='ocr_line' id='line_1_54' title="bbox 1391 3743 2070 3831; baseline 0.032 -21"><span class='ocrx_word' id='word_1_227' title='bbox 1391 3765 1451 3811; x_wconf 90' lang='lat' dir='ltr'><strong>me</strong></span> <span class='ocrx_word' id='word_1_228' title='bbox 1492 3745 1639 3812; x_wconf 85' lang='lat' dir='ltr'><strong>monuit</strong></span> <span class='ocrx_word' id='word_1_229' title='bbox 1672 3743 1728 3816; x_wconf 75' lang='lat' dir='ltr'><strong>tir</strong></span> <span class='ocrx_word' id='word_1_230' title='bbox 1765 3745 2001 3827; x_wconf 86' lang='lat' dir='ltr'><strong>doctissimus</strong></span> <span class='ocrx_word' id='word_1_231' title='bbox 2034 3777 2070 3831; x_wconf 88' lang='lat' dir='ltr'><strong>et</strong></span> 
     </span>
     <span class='ocr_line' id='line_1_55' title="bbox 1391 3873 2070 3964; baseline 0.028 -18"><span class='ocrx_word' id='word_1_232' title='bbox 1391 3873 1484 3946; x_wconf 88' lang='lat' dir='ltr'><strong>mihi</strong></span> <span class='ocrx_word' id='word_1_233' title='bbox 1509 3877 1754 3950; x_wconf 81' lang='lat' dir='ltr'><strong>amicissimus</strong></span> <span class='ocrx_word' id='word_1_234' title='bbox 1768 3883 1978 3960; x_wconf 83' lang='lat' dir='ltr'><strong>Richardus</strong></span> <span class='ocrx_word' id='word_1_235' title='bbox 1995 3893 2070 3964; x_wconf 85' lang='lat' dir='ltr'><strong>Pri·</strong></span> 
     </span>
     <span class='ocr_line' id='line_1_56' title="bbox 1391 4007 2069 4120; baseline 0.028 -39"><span class='ocrx_word' id='word_1_236' title='bbox 1391 4009 1466 4104; x_wconf 79' lang='lat' dir='ltr'><strong>ce.)</strong></span> <span class='ocrx_word' id='word_1_237' title='bbox 1493 4011 1532 4080; x_wconf 90' lang='lat' dir='ltr'><strong>in</strong></span> <span class='ocrx_word' id='word_1_238' title='bbox 1558 4035 1626 4082; x_wconf 90' lang='lat' dir='ltr'><strong>sua</strong></span> <span class='ocrx_word' id='word_1_239' title='bbox 1649 4007 1818 4088; x_wconf 74' lang='lat' dir='ltr'><strong>sersione</strong></span> <span class='ocrx_word' id='word_1_240' title='bbox 1833 4014 2069 4120; x_wconf 81' lang='lat' dir='ltr'><strong>Anglosaxo&#39;·</strong></span> 
     </span>
     <span class='ocr_line' id='line_1_57' title="bbox 1390 4143 2070 4263; baseline 0.028 -48"><span class='ocrx_word' id='word_1_241' title='bbox 1390 4147 1476 4263; x_wconf 77' lang='lat' dir='ltr'><strong>nica</strong></span> <span class='ocrx_word' id='word_1_242' title='bbox 1498 4143 1773 4261; x_wconf 81' lang='lat' dir='ltr'><strong>Consolationis</strong></span> <span class='ocrx_word' id='word_1_243' title='bbox 1799 4151 2070 4256; x_wconf 71' lang='lat' dir='ltr'><strong>Philosophiae</strong></span> 
     </span>
     <span class='ocr_line' id='line_1_58' title="bbox 1391 4277 2071 4370; baseline 0.026 -19"><span class='ocrx_word' id='word_1_244' title='bbox 1391 4281 1440 4352; x_wconf 86' lang='lat' dir='ltr'><strong>ab</strong></span> <span class='ocrx_word' id='word_1_245' title='bbox 1480 4280 1555 4356; x_wconf 85' lang='lat' dir='ltr'><strong>An.</strong></span> <span class='ocrx_word' id='word_1_246' title='bbox 1598 4277 1721 4350; x_wconf 72' lang='lat' dir='ltr'><strong>h‘lanl.</strong></span> <span class='ocrx_word' id='word_1_247' title='bbox 1758 4285 1879 4359; x_wconf 83' lang='lat' dir='ltr'><strong>Sever.</strong></span> <span class='ocrx_word' id='word_1_248' title='bbox 1913 4291 2071 4370; x_wconf 85' lang='lat' dir='ltr'><strong>Boethio</strong></span> 
     </span>
     <span class='ocr_line' id='line_1_59' title="bbox 1390 4411 2072 4510; baseline 0.026 -24"><span class='ocrx_word' id='word_1_249' title='bbox 1390 4413 1549 4510; x_wconf 80' lang='lat' dir='ltr'><strong>scriptae,</strong></span> <span class='ocrx_word' id='word_1_250' title='bbox 1572 4411 1748 4490; x_wconf 61' lang='lat' dir='ltr'><strong>‘Walandi</strong></span> <span class='ocrx_word' id='word_1_251' title='bbox 1768 4424 1994 4498; x_wconf 75' lang='lat' dir='ltr'><strong>nreutionam</strong></span> <span class='ocrx_word' id='word_1_252' title='bbox 2015 4429 2072 4504; x_wconf 80' lang='lat' dir='ltr'><strong>fa·</strong></span> 
     </span>
     <span class='ocr_line' id='line_1_60' title="bbox 1390 4546 2076 4640; baseline 0.029 -20"><span class='ocrx_word' id='word_1_253' title='bbox 1390 4550 1441 4621; x_wconf 91' lang='lat' dir='ltr'><strong>cit</strong></span> <span class='ocrx_word' id='word_1_254' title='bbox 1465 4546 1523 4620; x_wconf 92' lang='lat' dir='ltr'><strong>his</strong></span> <span class='ocrx_word' id='word_1_255' title='bbox 1551 4549 1684 4625; x_wconf 84' lang='lat' dir='ltr'><strong>verbis.</strong></span> <span class='ocrx_word' id='word_1_256' title='bbox 1759 4553 1885 4631; x_wconf 78' lang='lat' dir='ltr'><strong>Huaer</strong></span> <span class='ocrx_word' id='word_1_257' title='bbox 1908 4561 1992 4637; x_wconf 84' lang='lat' dir='ltr'><strong>sind</strong></span> <span class='ocrx_word' id='word_1_258' title='bbox 2018 4591 2076 4640; x_wconf 88' lang='lat' dir='ltr'><strong>nu</strong></span> 
     </span>
    </p>
   </div>
   <div class='ocr_carea' id='block_1_9' title="bbox 0 0 2244 5509">
    <p class='ocr_par' dir='ltr' id='par_1_9' title="bbox 0 0 2244 5509">
     <span class='ocr_line' id='line_1_61' title="bbox 0 0 2244 5509; baseline 0 0"><span class='ocrx_word' id='word_1_259' title='bbox 0 0 2244 5509; x_wconf 95' lang='lat' dir='ltr'><strong> </strong></span> 
     </span>
    </p>
   </div>
  </div>
 </body>
</html>
