4406 5554
504 428 596 498 vsu

437 723 579 778 amore
607 699 770 809 patriae,
810 721 851 784 et
880 703 1115 786 eruditione
1146 705 1463 814 spectatissimis
1492 701 1609 786 Arna
1640 703 1855 810 Magnaeo,
1889 703 2047 784 Jacobo

439 878 734 990 Langebechio
770 903 812 964 et
838 887 961 968 Petro
992 886 1210 980 Frederico
1239 887 1420 971 Suhmio
1449 887 1748 994 antiquitatum
1781 905 1822 967 et
1851 889 2047 967 Historiae

438 1081 590 1146 nostrae
618 1017 991 1176 instauratorisus,
1033 1067 1355 1180 vindicibusqve
1385 1066 1664 1176 felicissimis,
1705 1041 1946 1150 ariditatem
1976 1097 2045 1148 ex·
2173 1053 2174 1114 ³

438 1246 566 1326 citare
605 1251 839 1360 apographi
875 1251 1086 1363 potiundi.
1173 1251 1233 1336 At
1275 1251 1429 1332 frustra
1470 1249 1516 1334 id
1559 1254 1757 1362 expetivit
1801 1249 2046 1332 deliciarum

438 1431 585 1536 patriae
626 1431 738 1518 dicta
782 1437 897 1519 trias.
961 1439 1053 1522 Nec
1098 1437 1235 1546 potuit
1271 1437 1541 1516 Hermannus
1577 1433 1864 1518 Treselrovius
1906 1451 2047 1512 noster

435 1611 621 1722 insigne,
653 1614 755 1696 dum
785 1619 959 1722 vireret,
992 1619 1217 1702 Musarum
1247 1616 1397 1720 decus,
1434 1630 1476 1698 et
1504 1643 1667 1726 magnae
1695 1617 1761 1697 vir
1789 1617 2046 1696 auctoritatis

439 1795 554 1904 apud
582 1797 766 1906 Anglos,
812 1800 892 1886 sibi
931 1799 1106 1912 hospitii
1147 1801 1242 1910 jure
1276 1797 1554 1906 conjunctos,
1597 1795 1678 1877 hac
1720 1798 1765 1876 in
1806 1823 1851 1876 re
1888 1793 2048 1907 aliqvid

437 1974 641 2068 obtinere.

607 2164 693 2246 Via
721 2163 1023 2250 tandemamihi
1046 2165 1142 2248 dats
1165 2162 1247 2248 fuit
1268 2165 1321 2246 ad
1345 2163 1626 2248 desideratum
1655 2166 1782 2244 nimis
1812 2163 1885 2242 diu
1914 2161 2049 2243 divini

440 2345 547 2424 vatis
565 2347 719 2432 Danici
735 2303 1063 2464 incomparabile
1081 2303 1202 2458 opus.
1233 2349 1364 2432 Arete
1381 2349 1554 2453 etenim,
1573 2373 1665 2458 qvae
1682 2373 1759 2427 nos
1775 2365 1816 2426 et
1832 2350 2047 2426 Britannos

384 2506 386 2515 Ι
440 2525 677 2614 intercessit
693 2536 894 2641 amicitia,
908 2561 983 2614 ‚me
997 2529 1159 2636 allexit,
1181 2552 1246 2638 ut,
1269 2530 1592 2614 clementissime
1610 2528 1891 2610 annuentibus
1903 2528 2050 2638 Augu·

438 2694 637 2794 artissimis
664 2718 810 2824 patries
834 2715 1027 2826 patribus
1042 2716 1405 2800 CHRISTIANO
1424 2717 1526 2798 VII.
1552 2733 1594 2793 et
1613 2709 1946 2794 FREDERIGO
1967 2713 2048 2795 VI.

443 2891 523 2974 iter
548 2898 593 2978 in
610 2900 866 2982 Britanniam
891 2927 1002 2980 anno
1024 2895 1155 2978 seculi
1175 2899 1376 3008 praeteriti
1396 2895 1637 2978 LXXXVI.
1666 2892 1721 2974 ad
1744 2893 1962 2974 thesauros
1987 2892 2049 2972 bi·

442 3071 749 3162 bliotheca-rum
760 3079 1079 3166 Albionsnsium
1099 3079 1420 3192 perscrutandos
1437 3077 1631 3160 facerem.
1660 3080 1732 3162 .Ut
1750 3095 1848 3157 sunt
1866 3079 2051 3156 Britanni

440 3255 513 3352 ad,
546 3260 704 3344 studia.
730 3261 984 3368 literarum,
1018 3280 1076 3340 et·
1096 3260 1396 3342 humaniorum
1437 3259 1755 3373 disciplinarum
1802 3257 2051 3360 nutrienda,

444 3417 652 3546 fovenda,
694 3464 747 3526 et'
770 3441 1056 3556 promovenda
1082 3442 1313 3556 pr'oclires,
1356 3445 1538 3556 promti,
1576 3441 1758 3546 alacres,
1803 3433 1927 3522 ultra·
1944 3439 2051 3524 milri

443 3625 649 3738 singulari
678 3609 1003 3736 benignitateet
1030 3655 1127 3740 erga
1155 3657 1223 3709 me
1247 3623 1555 3733 benevolentia,
1585 3597 2051 3709 viaticas·ad¹Eminen·

445 3815 659 3894 tissimum
698 3828 742 3891 et
778 3813 1169 3895 reverendissimum
1204 3814 1441 3896 Dominum
1474 3804 1804 3894 sonantium
1833 3809 2052 3891 MOORE
2173 3801 2174 3860 3

443 3989 1900 4106 aretmqascopnmucantuariensem·=et2Primase1n-tatrusangtsa,
1939 4019 2054 4074 nunc

446 4183 556 4259 inter
577 4179 767 4262 coelites:
799 4183 1035 4264 Dominum
1061 4179 1369 4262 JOSEPHUM
1398 4179 1582 4261 BANKS
1609 4183 1757 4256 Baton.
1790 4173 1833 4258 S.
1850 4177 1902 4256 R.
1927 4179 1989 4262 M.
2009 4184 2055 4264 B.
2173 4129 2174 4154 l

447 4393 472 4443 a
493 4361 693 4448 Consiliis
713 4363 1006 4472 sanctioribus,
1036 4364 1177 4472 Eqvit.
1200 4361 1305 4446 Ord.
1326 4361 1445 4451 Beth.
1470 4364 1521 4446 R.
1540 4363 1581 4450 S.
1607 4361 1760 4442 Sciens.
1783 4358 1920 4443 Lond.
1946 4363 2055 4440 Prae-

446 4546 597 4654 sidem,
628 4567 670 4628 et
686 4550 857 4636 Domin.
878 4549 1190 4637 GEORGIUM
1210 4545 1606 4632 DEMPSTquM
1618 4543 1867 4628 senatorem
1880 4545 2057 4658 ‘Magna
