4406 5554
517 505 587 566 xtt

450 768 588 849 leuem
627 768 763 849 dedit:
810 764 924 846 unde
961 789 1103 874 quaeso
1145 763 1248 846 alias
1281 767 1386 877 Regi
1425 766 1646 848 admiratio
1683 763 1910 870 Welandi,
1950 765 2067 844 nasci

393 947 394 952 ‘
452 955 602 1064 potuit.
625 955 664 1056 ⁶)
734 948 950 1063 Quidquid
981 953 1050 1054 sit,
1090 948 1234 1030 diuina
1263 971 1374 1032 certe
1403 955 1558 1034 Danici
1586 953 1694 1032 uatis
1723 947 1886 1030 indoles

712 1138 864 1241 Exegit
893 1152 1217 1213 monumentum
1246 1161 1327 1216 oere
1355 1137 1584 1244 perennius

715 1316 948 1429 Regalique
978 1325 1062 1400 situ
1090 1317 1360 1428 pyramidum
1389 1316 1541 1428 altius5

719 1502 843 1614 Quod
872 1529 959 1584 non
986 1501 1123 1585 imber
1151 1503 1272 1608 edax,
1303 1531 1390 1584 non
1419 1499 1560 1612 aquilo
1588 1504 1798 1614 impotens

715 1689 852 1768 Possit
880 1687 1062 1792 diruere,
1093 1705 1166 1766 aut
1194 1685 1514 1770 innumerabilis

714 1869 940 1954 Annorum
972 1871 1116 1973 series,
1147 1885 1189 1948 et
1218 1867 1316 1974 iuga
1346 1887 1602 1977 temporum.

615 2055 676 2140 At
708 2053 819 2132 dicet
856 2054 950 2159 quis
986 2077 1086 2159 epos
1121 2050 1204 2132 hoc
1233 2078 1320 2132 non
1349 2079 1440 2131 esse
1469 2056 1725 2159 genuinum,
1764 2069 1910 2160 utpote
1939 2049 2066 2134 refer·

450 2261 543 2322 tum
569 2235 811 2322 Christiana
840 2235 891 2316 de
922 2263 1091 2316 summo
1119 2237 1329 2345 unicoque
1352 2239 1446 2320 Deo
1465 2237 1667 2318 doctrina.
1712 2241 1790 2318 His
1809 2235 2063 2344 respondeo:

452 2419 563 2504 nihil
591 2421 662 2500 hic
690 2418 807 2500 aliud
835 2417 934 2526 legi,
974 2446 1100 2528 quem
1130 2419 1242 2528 quod
1272 2423 1410 2500 omnis
1440 2423 1655 2528 sapientie
1684 2447 1858 2528 promus
1887 2419 2065 2524 condus,

452 2605 610 2687 Iliados
640 2625 681 2684 et
713 2603 914 2712 Odyssere
947 2601 1197 2686 immortalis
1228 2601 1382 2684 author
1411 2603 1576 2708 docuit,
1617 2623 1659 2684 et
1694 2623 1790 2713 post
1819 2631 1916 2682 eum
1946 2605 2067 2686 Siren

452 2795 647 2872 Romana
670 2787 708 2886 τ)
740 2787 793 2868 de
821 2803 970 2866 natura
990 2787 1179 2867 Deorum
1209 2791 1403 2894 scripsit·
1434 2793 1621 2894 Uterque
1645 2816 1743 2869 cum
1764 2785 1893 2870 Eddis
1913 2791 2066 2868 nostris

455 2992 496 3053 et
524 2976 659 3082 potitis
689 2972 992 3079 antiquissimis
1020 2967 1101 3052 hac
1130 2973 1174 3050 in
1205 2997 1248 3048 re
1278 2973 1437 3080 optime
1465 2974 1687 3052 consentit.
1746 2974 1914 3074 Jouetn,
1951 2973 2067 3080 prin·

456 3159 592 3264 dipem
621 3181 766 3241 omnes
791 3152 958 3264 quidem
989 3156 1243 3260 poie'tae'esse
1272 3153 1437 3262 volunt,
1468 3155 1542 3238 sed
1571 3152 1778 3236 falluntur
1805 3157 1851 3236 in
1878 3159 2070 3244 nomine.

452 3342 588 3450 Igitur
622 3365 719 3416 cum
756 3337 944 3416 Minutio
975 3332 1112 3412 Felice
1147 3361 1243 3414 uere
1273 3337 1412 3418 dicere
1440 3365 1688 3446 posstnnus:
1729 3339 1874 3446 poetas
1903 3360 2071 3422 nostros

452 3551 588 3604 unum
617 3538 780 3629 patrem
810 3515 956 3599 diuum
986 3535 1110 3623 atque
1140 3513 1363 3598 hominum
1388 3519 1662 3628 predicantes
1686 3515 1814 3596 talem
1833 3545 1922 3600 esse
1940 3522 2064 3608 uelle.

453 3709 545 3790 Etsi
573 3707 701 3816 igitur
729 3717 828 3782 sunt
856 3697 998 3808 plnres
1027 3699 1130 3780 dicti
1159 3701 1237 3804 dii,
1271 3721 1413 3784 temen
1442 3719 1562 3811 pater
1589 3704 1730 3782 Deum
1760 3698 2068 3815 hominumque
2188 3749 2189 3758 Ν

453 3921 505 3972 ex
533 3907 675 3970 mente
709 3883 963 3989 eorundem,
1003 3900 1066 3962 est
1094 3911 1204 3964 unus
1235 3903 1275 3964 et
1304 3915 1526 3996 supremus
1555 3888 1689 3968 Deus.
1776 3889 1865 3993 Ego
1895 3889 2067 3998 quidem

450 4103 539 4157 non
566 4099 714 4158 uereor
741 4095 939 4174 asserere,
969 4065 1054 4146 'hic
1083 4065 1342 4180 Religionem
1372 4071 1660 4157 Christianam
1689 4067 1753 4150 nil
1782 4097 1948 4180 rapere,
1982 4075 2069 4157 nisi

484 4393 515 4472 ὅ)
557 4391 618 4454 uid.
638 4390 770 4460 indicem
790 4393 945 4452 nominum
968 4393 1152 4482 propriorum
1174 4389 1249 4452 inire
1270 4393 1303 4452 in
1325 4387 1528 4452 Welende.

383 4533 385 4536 ¹
442 4519 445 4523 η
483 4553 514 4621 ⁷)
557 4543 702 4606 isocrates
723 4557 841 4625 propter
861 4511 1033 4606 arduitatem
1053 4547 1194 4607 emtionis
1216 4548 1300 4608 Siren
1324 4545 1424 4607 Attice
1444 4543 1543 4606 dictus
1564 4541 1638 4604 suit:
1663 4541 1767 4625 quidni
1786 4541 1877 4626 igitur
1891 4540 2070 4606 Ciceronem

555 4662 686 4726 Sirenem
709 4661 873 4726 noemam
894 4661 1042 4744 appellere
1063 4660 1162 4730 liceat.
