4406 5554
1601 349 1623 383 Φ

1625 485 1691 544 XV

155 761 361 871 qvondam
383 763 435 850 ¹in
465 757 607 867 plures
636 774 779 868 gentes
809 753 943 846 divisa
972 779 1055 859 res,
1084 754 1130 846 in
1158 773 1287 842 unam
1318 752 1490 837 tandem
1514 752 1606 834 ivit.
1667 753 1760 837 Cae·

153 965 286 1026 terum
318 947 457 1050 imago
487 940 802 1022 consuetudinis
832 955 874 1017 et
902 940 998 1018 vitae
1027 931 1349 1024 HRODGARI'
1367 937 1492 1046 Regis
1520 936 1579 1015 ita
1608 940 1763 1016 consti·

155 1147 243 1208 tuta
280 1145 365 1232 est,
405 1145 454 1206 ut
489 1123 561 1229 ed,
600 1151 676 1204 cev
701 1119 877 1230 speculo
904 1124 1042 1214 omnis
1071 1123 1204 1228 possit
1222 1138 1331 1210 ¹setes
1360 1121 1439 1203 uti.
1517 1121 1621 1204 &suit
1649 1123 1764 1201 enim

155 1310 393 1412 modestus,
433 1307 644 1416 prudens,
684 1307 845 1414 gravis,
885 1303 1144 1412 temporibus
1182 1307 1393 1412 sapienter
1420 1319 1566 1410 utens,
1605 1307 1766 1424 peritus

157 1491 272 1599 belli,
304 1493 422 1572 fortis
452 1518 600 1596 manu,
631 1491 772 1588 urimo
802 1490 1002 1591 maximo,
1033 1483 1236 1588 clemens,
1265 1489 1446 1596 petiens,
1476 1487 1638 1568 amicus
1666 1514 1767 1570 con·

159 1695 294 1757 stans:
342 1691 386 1752 et
412 1669 477 1752 illi
506 1689 602 1752 ante
632 1673 775 1750 omnia
805 1667 948 1764 dulces
978 1688 1277 1760 erantjmusae.
1341 1672 1491 1780 Longa
1520 1697 1768 1779 permensus

161 1857 234 1940 diu
261 1854 396 1938 felicis
425 1855 506 1934 aevi
534 1820 670 1960 spatia
698 1851 869 1932 tandem
898 1853 1018 1958 petiit
1046 1848 1142 1930 laeta
1167 1849 1268 1933 felix
1292 1855 1477 1936 nemoris
1498 1852 1631 1964 Elysii
1659 1853 1765 1939 loca.

324 2036 681 2124 HIGELACUM
703 2033 865 2140 itidem²
894 2032 1132 2134 Gothorum
1148 2041 1304 2144 Regem
1323 2039 1531 2144 optimum
1550 2039 1771 2126 Hickesius

162 2241 284 2308 tacet.
349 2223 548 2326 Princeps
577 2213 649 2299 ille
678 2215 760 2296 hoc
790 2215 917 2300 hebet
945 2217 1218 2324 magnificum
1250 2223 1487 2332 etingens,
1514 2219 1632 2305 nulla
1660 2225 1773 2332 qvod

162 2409 297 2516 rapiet
334 2405 446 2508 dies,
486 2399 735 2507 eredidisse,
755 2399 890 2506 'qvod
917 2400 1100 2508 Regibus
1128 2402 1293 2488 tuende
1313 2407 1496 2488 maxime
1525 2409 1579 2486 sit
1596 2408 1774 2519 'Regum

164 2588 312 2694 Salus,
351 2603 393 2666 et
421 2588 604 2666 amicum
639 2611 682 2663 se
710 2583 1155 2696 gessiste'Scyldingis
1184 2588 1514 2697 integerrimum.
1588 2595 1774 2704 Quare,

167 2773 269 2854 dum
309 2772 369 2853 sic
405 2769 664 2878 optimorum
698 2768 888 2888 Regum,
932 2797 1161 2876 eorumque
1197 2774 1463 2889 encomiastis
1501 2773 1778 2858 admiratione
1905 2867 1907 2870 ,

169 2955 358 3064 adfectus
388 2977 503 3056 sum,
540 2967 583 3028 et
609 2967 758 3058 pectus
785 2973 1034 3056 magnarum
1051 2949 1222 3054 uerum,
1262 2969 1304 3046 et
1333 2921 1580 3039 sublimium
1610 2976 1777 3040 senteu-

170 3141 325 3217 tiarum
355 3136 507 3244 spir-itu¹
533 3128 731 3234 incaluit,
770 3131 1112 3242 constitui-,apud
1141 3162 1210 3230 me
1238 3135 1431 3223 divinum
1459 3117 1610 3225 Deniae
1638 3161 1779 3228 vatem

172 3281 314 3430 coram
345 3318 507 3426 sistere.
592 3316 864 3424 Qvaecunqve
901 3319 1029 3428 igitur
1065 3337 1237 3426 possent
1271 3317 1354 3402 hoc
1391 3351 1534 3408 meum
1562 3327 1779 3438 negotium

172 3503 397 3613 adjuvere,
426 3511 680 3608 'comparare
717 3499 862 3606 coepi,
910 3525 1191 3610 magnamque
1225 3502 1429 3588 librorum
1464 3512 1628 3618 copiam
1668 3515 1781 3596 unde

174 3709 339 3793 qvaqve
361 3683 574 3796 ¹congessi,
614 3707 794 3788 quorum
827 3707 953 3788 opera
981 3709 1150 3764 carmen
1181 3689 1438 3799 aggrederer.
1520 3699 1574 3778 In
1602 3694 1683 3778 hoc
1712 3727 1782 3784 me

175 3865 370 3952 sedulum
401 3866 458 3944 ita
486 3867 620 3974 gessi,
660 3881 716 3946 ut,
742 3890 858 3996 opus!
884 3880 1019 3944 totum
1042 3891 1161 3967 pamm
1190 3865 1494 3956 MDCCCVH
1531 3877 1782 3966 confecerim

173 4051 288 4134 idem
317 4047 435 4140 brevi
464 4046 667 4132 edituruss
722 4142 727 4154 ¹

173 4235 351 4316 Interim

724 4417 868 4502 Hostis
898 4419 1027 4502 habet
1053 4439 1213 4532 muros,

177 4603 235 4686 Et
275 4645 333 4670 -·
370 4643 426 4666 -
470 4599 658 4710 considet
685 4604 731 4686 in
760 4604 879 4716 ignes
