4406 5554
707 685 870 767 Divum
899 683 1071 794 antiqva
1099 680 1250 766 dumus
1279 707 1389 765 saevo
1419 699 1482 762 ter
1509 679 1669 765 incluta
1697 679 1809 768 bello

707 869 889 949 Havnia.
956 863 960 870 ’

612 1051 673 1133 O!
699 1050 914 1132 luctuosos
928 1050 1017 1132 dies
1029 1048 1125 1132 illos
1135 1061 1332 1160 (quorum
1349 1052 1498 1134 acerba
1511 1051 1743 1134 recordatio
1757 1071 1917 1132 veteres
1927 1051 2063 1130 animi

443 1261 581 1344 curas,
615 1235 892 1345 infandusque
914 1233 1078 1317 dolores
1103 1239 1294 1338 renovat)
1327 1240 1398 1342 qvi
1424 1191 1636 1317 melanto
1657 1237 1858 1316 orbarunt
1882 1233 1983 1340 lare,
2016 1251 2062 1312 et

444 1437 532 1498 tota
561 1418 820 1528 supellectile
849 1419 1046 1528 literaria,
1079 1449 1204 1529 qvam
1234 1447 1310 1528 per
1337 1423 1508 1531 triginta
1537 1439 1578 1500 et
1607 1419 1789 1530 amplius
1820 1447 1951 1502 annos
1979 1421 2060 1498 im·
2149 1449 2150 1526 3

442 1607 562 1712 plger
588 1603 852 1711 collegeram.
912 1609 1039 1686 Periit
1067 1608 1149 1686 istc
1177 1605 1338 1685 excidio
1356 1601 1649 1714 ScyldIngidos
1679 1633 1775 1685 mea
1802 1607 1938 1686 rersio
1957 1632 2056 1685 cum
2149 1663 2150 1708 ,

444 1804 533 1866 toto
561 1808 766 1898 apparatu
796 1817 893 1868 suos
926 1807 968 1868 et
997 1790 1189 1895 periisset
1215 1804 1421 1868 aeternum
1451 1815 1536 1866 uua
1566 1791 1731 1868 animus
1750 1817 1842 1869 earn
1862 1789 2056 1896 iterandi,
2149 1767 2150 1844 l

443 1971 527 2050 nisi
550 1975 684 2053 Heron
706 1968 1016 2055 illustrissimus
1043 1949 1285 2054 JOHA'NN
1289 1971 1354 2056 Es
1381 1971 1715 2078 BULOWIUS,
1747 1969 1925 2082 dynasta
1950 1973 2058 2056 San·

444 2127 736 2266 derumgaardi
766 2155 1008 2240 exhortatus
1036 2153 1185 2237 fuisset
1214 2151 1298 2259 rne',
1336 2151 1524 2234 consiliis
1553 2173 1595 2234 et
1624 2181 1707 2236 aare
1735 2183 1812 2236 suo
1842 2155 2054 2266 adjutum,

444 2365 552 2446 opus
588 2342 740 2420 iterum
776 2343 967 2446 incoare,
1014 2359 1064 2420 ut
1098 2324 1313 2450 publicam
1349 2337 1511 2420 videret
1554 2335 1708 2421 lucem.
1797 2341 1960 2420 Verum
1996 2347 2057 2422 roi

443 2526 625 2633 gravitas
656 2553 680 2604 a
709 2542 795 2604 tarn
825 2522 989 2604 difficili
1018 2526 1186 2634 negotio
1222 2551 1291 2603 me
1326 2523 1401 2604 diu
1439 2523 1655 2606 deterruit.
1707 2522 1768 2606 At
1802 2525 1904 2604 vicit
1938 2553 2057 2604 amor

441 2709 589 2815 patriae
622 2727 663 2788 et
692 2713 916 2789 auctoritas
946 2711 1194 2790 Maecenatis
1225 2711 1399 2816 optimi,
1427 2710 1561 2816 cujus
1598 2706 1867 2819 magnificam
1897 2737 1946 2790 ac
1975 2715 2058 2790 siu-

441 2889 630 2998 gularem
659 2843 704 2973 in
734 2893 867 2975 doctis
895 2869 1141 2973 hominibus
1171 2891 1384 2996 fovendis,
1426 2888 1647 3000 juvandis,
1687 2907 1728 2969 ct
1765 2889 1818 2972 ad
1855 2893 2057 3002 praeclara

443 3075 589 3158 studia
616 3077 824 3182 erigendis
861 3075 1046 3156 indolem
1086 3095 1227 3158 sancte
1265 3073 1372 3158 colo.
1470 3078 1566 3186 Qva
1604 3103 1647 3154 re
1685 3073 1821 3155 factus
1859 3077 2056 3159 audacior

387 3295 390 3300 ·
441 3285 599 3342 novam
628 3262 1030 3369 interpretationem,
1061 3257 1220 3340 infelici
1242 3261 1417 3369 augurio
1447 3254 1549 3336 olim
1573 3279 1781 3363 exactam,
1809 3231 2054 3344 melioribus

443 3441 599 3562 avibus
623 3443 676 3526 de
703 3471 814 3524 noro
845 3462 1081 3552 susceptam
1111 3440 1284 3524 molitus
1314 3471 1425 3548 sum,
1458 3459 1500 3520 et
1519 3441 1690 3522 tandem
1715 3453 2023 3533 consummavi.

610 3627 725 3739 Qvid
754 3645 895 3708 autern
924 3631 969 3710 in
998 3625 1079 3707 hoc
1108 3653 1232 3735 opere
1263 3627 1543 3735 prestiterim,
1574 3623 1720 3706 ordine
1743 3655 1967 3737 exponam.

606 3813 813 3913 Unicum,
836 3809 946 3919 qvod
965 3814 1083 3894 novit
1101 3810 1212 3889 orbis
1231 3807 1459 3913 literatius,
1476 3807 1608 3921 hujus
1626 3811 1822 3893 carminis
1842 3813 2056 3924 exemplar

438 3995 755 4080 membraneum
772 3992 918 4078 formae
938 4013 1111 4103 quartae,
1131 3997 1344 4105 sexaginta
1358 4021 1511 4076 novem
1527 3991 1639 4074 foliis
1655 3995 1850 4076 c‘onstans
1866 4001 2057 4108 superest

439 4184 484 4262 in
505 4179 764 4262 Bibliotheca
788 4182 1043 4263 Cottoniana
1063 4179 1207 4258 Musei
1227 4180 1470 4282 Britannici,
1500 4196 1693 4260 notatum
1713 4177 1861 4264 Vitell.
1894 4179 1950 4266 A.
1972 4187 2050 4269 IX.
2149 4225 2150 4282 ;

606 4366 718 4444 Huic
754 4390 853 4444 vero
891 4362 1049 4466 codici,
1087 4389 1184 4442 curn
1221 4339 1415 4469 plurimis
1448 4379 1638 4444 veterum
1674 4365 1838 4472 scriptis
1868 4363 1911 4445 id
1940 4393 2056 4448 com·

440 4575 570 4632 mune
608 4566 693 4657 est,
735 4545 849 4659 qvod
885 4564 1097 4630 auctorem
1135 4573 1222 4630 non
1256 4543 1504 4656 profiteatur
1541 4533 1689 4654 suum,
1737 4545 1901 4630 nullam
1938 4551 2055 4630 enim
