4406 5554
1631 441 1682 500 IX

137 715 329 808 Britaniae
350 729 388 790 et
410 709 514 794 Ord.
535 707 737 820 equestris
757 707 819 791 Sti
834 704 1016 792 Andreae
1033 679 1318 814 secretarium,
1342 705 1483 790 literas
1502 705 1609 790 mihi
1629 663 1750 790 obtu-

138 894 278 977 lerunt
295 900 453 980 Heroas
477 893 769 998 illustrissimi,
800 894 1012 980 Dominus
1032 891 1367 976 MORTONUS
1390 893 1548 974 EDEN
1569 898 1672 973 Raro
1695 895 1748 977 de

137 1059 374 1166 usuum
400 1083 508 1187 uqv.
535 1077 638 1165 ord.
669 1076 790 1160 aare.
831 1095 872 1156 et
897 1077 1110 1156 Dominus
1140 1073 1447 1159 Jousuues
1476 1077 1750 1166 smoumu

137 1265 284 1344 Baron.
313 1263 506 1369 Dynasta
526 1259 701 1344 Castelli
728 1257 1007 1341 Thorsaensis
1037 1275 1078 1336 et
1101 1255 1282 1364 collegii
1308 1257 1545 1365 agricolaris
1574 1265 1748 1346 Pressas.

71 1473 75 1480 ·
140 1445 331 1552 Quorum
362 1445 553 1524 omnium
583 1445 627 1522 in
657 1470 726 1522 me
755 1445 904 1522 merita
932 1438 1230 1520 venerabunda
1258 1458 1300 1519 et
1328 1440 1442 1548 'grata
1472 1460 1613 1523 menta
1640 1470 1752 1522 nun·

141 1622 503 1730 qvam'excideut.
565 1627 656 1704 Hac
679 1651 723 1702 re
746 1623 904 1703 facturn
931 1640 1010 1728 est,
1040 1641 1088 1700 ut
1124 1651 1149 1702 a
1166 1624 1459 1729 Curatoribus,
1491 1620 1645 1706 Musaei
1664 1629 1751 1707 Bri·
1793 1673 1796 1680 λ

139 1806 315 1916 tanuici,
357 1802 622 1909 aliarumque·
646 1799 1026 1906 Bibliothecarum,'
1055 1821 1251 1910 potestas·
1268 1805 1376 1884 mihi
1405 1805 1503 1886 data
1532 1808 1587 1886 sit
1619 1802 1754 1918 inspie'

139 1986 295 2092 ciendi,
328 1978 552 2086 tractandi,
581 2001 623 2063 et
653 1983 912 2064 exscribendi
941 1988 1103 2089 omnia,
1132 2011 1224 2094 qvae
1254 1985 1379 2067 rebus
1407 1987 1582 2068 Danicis
1611 1987 1751 2106 lucem

139 2168 268 2254 assere
304 2186 477 2276 possent
514 2169 817 2275 manuscripta.
904 2163 974 2248 Ad
1017 2196 1144 2275 qvam
1169 2131 1276 2248 'rem
1320 2168 1625 2251 conficiendam
1670 2175 1751 2252 viri

139 2369 283 2434 nostro
324 2353 536 2460 praeconio
581 2351 764 2456 majores
806 2348 1078 2456 Josephus
1122 2347 1314 2433 Planta
1362 2369 1405 2432 et
1449 2353 1752 2438 Richardus

142 2533 423 2644 Son-thgate
453 2532 554 2642 dicti
579 2533 737 2612 Musoei
752 2533 854 2615 Brit.
882 2526 1067 2639 praefecti
1090 2534 1136 2610 in
1160 2557 1229 2612 me
1258 2561 1335 2615 sua
1361 2533 1504 2616 officia
1532 2535 1753 2618 humanis·

144 2713 550 2798 simacontnlerunt.
611 2715 802 2822 Optimo·
818 2715 946 2820 igitur
974 2740 1169 2794 successu
1194 2734 1235 2795 et
1256 2716 1468 2798 uberrimo
1490 2746 1585 2799 cum
1611 2717 1754 2800 fructu

141 2898 317 2981 domum
345 2925 537 2985 reversus
566 2925 679 3003 sum,
710 2913 752 2976 ot
780 2899 824 2975 in
855 2897 1035 3004 patriam
1063 2923 1153 2976 una
1178 2901 1310 3005 Epos,
1351 2899 1466 3005 qvod
1494 2926 1619 2980 suum
1649 2899 1752 3012 olim

141 3052 299 3186 suerat,
340 3079 437 3188 post
470 3076 568 3186 plus
598 3107 724 3186 qvam
759 3073 878 3156 mille
914 3102 1057 3156 annos.
1080 3073 1340 3188 postliminio
1375 3077 1516 3162 rediit.

309 3340 435 3453 Qvod
460 3358 601 3420 autem
620 3340 674 3422 ad
690 3337 1008 3452 Scyldingidem
1032 3358 1218 3423 nostram
1241 3347 1405 3452 attinet,
1437 3376 1530 3428 eam
1550 3373 1648 3431 vere
1665 3353 1752 3434 Da·

142 3501 281 3607 nicam
300 3495 407 3630 esse,
437 3495 563 3602 nomo
583 3547 668 3602 nun
687 3521 765 3602 ibit
783 3519 963 3630 inficias,
976 3551 980 3558 ·
994 3527 1067 3633 qvi
1082 3523 1364 3607 observaverit
1380 3547 1593 3610 auctorem
1611 3561 1753 3614 rerum

143 3735 169 3787 a
185 3705 368 3814 Regibus
385 3677 738 3811 'HRODGARQ
769 3703 983 3789 lieowulfo
1013 3723 1055 3785 et
1071 3705 1277 3814 Hig'elaco·
1299 3727 1507 3818 gestarum
1537 3713 1753 3797 oculatum

143 3889 275 3970 fuisse
298 3906 463 3995 testem,
495 3900 536 3968 et
563 3889 609 3965 in
637 3887 842 3972 Beouulfi
872 3891 1085 3997 exsequiis·
1101 3894 1383 3973 encomiasten
1413 3885 1612 3982 adfuisse.
1674 3903 1753 3982 Ce-

143 4073 245 4154 eas
272 4034 427 4154 autem'
441 4067 681 4156 seowulfus
709 4073 755 4152 sn
782 4073 900 4156 rua
927 4098 1039 4152 anno
1068 4099 1159 4153 aerae
1188 4091 1341 4154 nostre
1373 4077 1578 4166 cccxi.
1601 4079 1655 4177 2).

176 4463 209 4532 ¹)
245 4458 304 4524 riti.¹
329 4463 363 4522 Ρ.
388 4463 437 4534 Fr.
456 4461 566 4528 sotus
589 4463 841 4531 euomuisse
863 4466 973 4530 Diues
1002 4485 1062 4529 rou
1082 4463 1132 4534 Pr.
1154 4461 1389 4540 DorvGratm
1411 4465 1647 4548 Leipsi31803‚
1679 4483 1692 4530 ι
1711 4467 1748 4531 Β.

247 4593 265 4649 ,ι
289 4577 385 4646 abrs.
416 4603 446 4662 p.
466 4597 540 4666 aaa.
619 4649 623 4658 ,
1530 4603 1533 4612 ’
