4406 5554
515 418 602 482 xlv

619 689 720 768 Dixi
757 711 884 796 supra
919 655 1170 767 venerabilis
1207 679 1394 764 llickesii
1430 681 1640 790 judicium
1683 681 1735 763 de
1773 707 1940 762 summa
1977 707 2075 762 car·

456 873 582 952 minis
600 873 732 952 nostri
751 866 1000 952 claudicare.
1057 866 1179 950 Illius
1206 865 1328 948 heros
1359 862 1474 946 solus
1504 884 1567 948 est
1590 862 1821 946 Beowull
1825 893 1898 972 us,
1930 863 2071 946 editus

459 1082 558 1136 sane
588 1051 791 1160 Regibus,
823 1055 977 1132 etenim
996 1019 1237 1160 Scyllingus
1267 1067 1355 1130 erat
1383 1077 1434 1129 ex
1462 1054 1587 1160 Regis
1611 1049 1769 1132 Sveciae
1794 1043 1899 1130 filia.
1952 1043 2073 1130 Bella

461 1236 630 1354 quidem
660 1239 805 1343 gessit,
835 1235 909 1315 sed
937 1237 1079 1316 omnia
1108 1261 1185 1342 pro
1215 1235 1301 1312 suis
1335 1231 1486 1314 Gothis
1514 1248 1558 1310 et
1586 1259 1731 1311 eorum
1761 1232 1922 1314 anticio.

625 1419 1013 1506 HRODGARUM
1063 1415 1285 1504 Hickesius
1341 1419 1475 1498 nescit
1525 1411 1851 1524 Scyldingorum
1897 1417 2070 1522 Regem.

462 1609 563 1690 Erat
600 1567 672 1682 ille

730 1803 922 1896 Αμφοτεςον
952 1785 1112 1876 βάςιλευς
1141 1783 1178 1862 r’
1205 1808 1339 1882 egerat
1366 1809 1524 1892 κρατεροί
1556 1783 1593 1860 r’
1623 1812 1808 1887 αιχμητης.

465 1976 563 2056 Fuit
600 1969 693 2052 aliis
731 1993 819 2050 una
855 1983 897 2044 et
932 1982 1054 2045 vetus
1083 1991 1209 2044 causa
1238 1959 1449 2067 bellandi,
1488 1959 1699 2070 profunda
1726 1964 1882 2074 cupido
1910 1967 2078 2073 imperii
2171 1981 2172 1994 ¹

461 2173 511 2236 et
542 2154 801 2234 divitiarum.
860 2145 1193 2232 HRODGARO
1223 2144 1347 2252 longe
1376 2142 1458 2226 alia
1487 2173 1607 2226 mens
1635 2144 1729 2226 fuit.
1789 2151 1850 2230 Ut
1879 2175 1976 2228 suos
2006 2145 2079 2228 ille

471 2335 661 2418 subditos
705 2349 960 2442 protegeret,
986 2333 1184 2456 ⁴postoris
1230 2327 1398 2410 firmam
1435 2325 1626 2409 redderet
1661 2357 1833 2437 pacem,
1880 2351 1922 2412 et
1958 2328 2083 2410 liber·

472 2537 602 2600 tatem
645 2515 761 2596 daret
804 2516 934 2620 mari,
986 2539 1207 2594 necessum
1251 2511 1401 2592 habuit
1445 2540 1561 2592 arma
1609 2509 1716 2594 ferre
1760 2517 1805 2594 in
1845 2518 1990 2620 Jutos,
2039 2531 2084 2594 et

472 2701 629 2786 horum
658 2700 793 2781 socios
823 2698 1034 2800 Frisonas,
1074 2691 1254 2804 populos
1282 2697 1504 2800 immanes,
1536 2695 1680 2810 duros,
1711 2695 1838 2802 leros,
1869 2695 2086 2781 barbaros·

455 2915 580 2994 qve,
620 2886 692 2991 qvi
722 2902 807 2964 tarn
842 2879 942 2962 fidei
972 2897 1014 2960 et
1047 2876 1305 2980 honestatis,
1344 2905 1469 2986 qvam
1500 2877 1775 2960 humanitatis
1802 2899 1845 2986 et
1873 2877 2086 2986 religionis
2172 2879 2173 2910 ³

479 3085 666 3175 expertes
704 3060 813 3144 nihil
850 3089 936 3142 nou
974 3060 1028 3142 ad
1064 3059 1288 3142 effi-senata
1328 3059 1516 3144 libidinis
1554 3066 1836 3170 sugestionem
1871 3061 2083 3176 gerebant.

479 3245 625 3332 Multa
653 3248 781 3352 igitur
809 3244 911 3348 Regi
946 3245 1105 3350 optimo
1143 3242 1332 3350 pericula
1363 3241 1501 3354 domi,
1544 3243 1706 3328 militiae
1746 3245 1881 3328 multa
1914 3246 2087 3331 adversa

481 3430 621 3538 fuere,
664 3452 843 3537 qvorum
882 3427 1025 3506 omnia
1061 3425 1252 3506 Deorum
1283 3423 1449 3504 auxiliis
1479 3443 1520 3504 et
1547 3428 1701 3508 virtute
1739 3427 1815 3508 sui
1853 3433 2085 3538 superavit:

483 3617 612 3722 inque
643 3611 711 3693 his
742 3605 959 3713 omnibus,
998 3635 1135 3717 neqve
1163 3610 1331 3690 animus
1359 3612 1527 3716 negotio
1556 3609 1713 3718 defuit,
1752 3639 1887 3722 neqve
1917 3613 2092 3699 decretis

486 3794 620 3878 labos.
713 3788 845 3874 Malae
883 3789 1155 3898 secundaque
1195 3819 1260 3872 res
1298 3821 1424 3903 opes,
1473 3819 1560 3874 non
1601 3797 1817 3906 ingenium
1855 3797 2091 3881 mutabant.

447 3999 451 4004 ’
490 3978 615 4091 Qvod
652 3976 836 4082 bonum,
880 3973 1067 4058 faustum
1078 4033 1096 4077 ,
1140 3973 1323 4084 felixque
1360 3995 1469 4060 osset
1504 3977 1663 4088 populo
1700 3982 1887 4086 Danico,
1930 4009 2097 4092 semper

490 4181 586 4245 ante
615 4158 761 4241 oculos
788 4157 954 4266 habuit,
985 4177 1027 4239 et
1056 4160 1209 4268 jugiter
1236 4160 1281 4236 in
1310 4158 1354 4239 id
1383 4157 1611 4265 ferebatur,
1640 4163 1825 4244 utJutos
1848 4181 1888 4244 et
1905 4167 2097 4252 Frisones

492 4344 732 4456 Scyldingis
759 4343 1051 4452 conjungeret,
1081 4341 1231 4421 horum
1262 4339 1377 4450 plebi
1404 4347 1618 4427 civitatem
1647 4345 1779 4452 daret,
1819 4350 2023 4455 primores
2052 4351 2099 4428 in

492 4547 637 4638 patres.
660 4527 837 4641 legeret,
877 4551 1005 4606 unam
1036 4544 1225 4636 gentem,
1261 4553 1391 4608 unam
1421 4556 1508 4610 rem
1538 4527 1753 4639 publicam
1783 4527 1951 4614 faceret.
2035 4533 2105 4612 Ita
